Trade_Time,Price_USD,Volume_BTC,Symbol
2025-09-29 23:58:24.304,114324.1,0.011,BTCUSDT
2025-09-29 23:58:24.520,114324.1,0.001,BTCUSDT
2025-09-29 23:58:24.539,114324.1,0.004,BTCUSDT
2025-09-29 23:58:24.588,114324.1,0.005,BTCUSDT
2025-09-29 23:58:24.742,114324.1,0.005,BTCUSDT
2025-09-29 23:58:24.819,114324.1,0.044,BTCUSDT
2025-09-29 23:58:24.819,114324.1,0.056,BTCUSDT
2025-09-29 23:58:24.822,114324.1,0.4,BTCUSDT
2025-09-29 23:58:24.979,114324.1,0.437,BTCUSDT
2025-09-29 23:58:24.979,114324.1,0.001,BTCUSDT
2025-09-29 23:58:24.979,114324.1,0.001,BTCUSDT
2025-09-29 23:58:24.979,114324.1,0.001,BTCUSDT
2025-09-29 23:58:24.979,114324.1,0.016,BTCUSDT
2025-09-29 23:58:24.990,114324.2,0.048,BTCUSDT
2025-09-29 23:58:25.223,114324.1,0.001,BTCUSDT
2025-09-29 23:58:25.223,114324.1,0.008,BTCUSDT
2025-09-29 23:58:25.223,114324.1,0.003,BTCUSDT
2025-09-29 23:58:25.223,114324.1,0.001,BTCUSDT
2025-09-29 23:58:25.223,114324.1,0.349,BTCUSDT
2025-09-29 23:58:25.223,114324.1,0.003,BTCUSDT
2025-09-29 23:58:25.223,114324.1,0.028,BTCUSDT
2025-09-29 23:58:25.223,114324.1,0.001,BTCUSDT
2025-09-29 23:58:25.223,114324.1,0.008,BTCUSDT
2025-09-29 23:58:25.223,114324.1,1.191,BTCUSDT
2025-09-29 23:58:25.223,114324.1,0.038,BTCUSDT
2025-09-29 23:58:25.223,114324.1,0.043,BTCUSDT
2025-09-29 23:58:25.223,114324.1,0.009,BTCUSDT
2025-09-29 23:58:25.223,114324.1,0.002,BTCUSDT
2025-09-29 23:58:25.223,114324.1,0.003,BTCUSDT
2025-09-29 23:58:25.223,114324.1,0.209,BTCUSDT
2025-09-29 23:58:25.223,114324.1,0.065,BTCUSDT
2025-09-29 23:58:25.223,114324.1,0.004,BTCUSDT
2025-09-29 23:58:25.223,114324.1,0.027,BTCUSDT
2025-09-29 23:58:25.223,114324.1,0.001,BTCUSDT
2025-09-29 23:58:25.223,114324.1,0.004,BTCUSDT
2025-09-29 23:58:25.223,114324.1,0.014,BTCUSDT
2025-09-29 23:58:25.223,114324.1,0.014,BTCUSDT
2025-09-29 23:58:25.223,114324.1,0.003,BTCUSDT
2025-09-29 23:58:25.223,114324.1,0.001,BTCUSDT
2025-09-29 23:58:25.223,114324.1,0.207,BTCUSDT
2025-09-29 23:58:25.223,114324.1,0.002,BTCUSDT
2025-09-29 23:58:25.223,114324.1,0.323,BTCUSDT
2025-09-29 23:58:25.223,114324.1,0.002,BTCUSDT
2025-09-29 23:58:25.223,114324.0,0.002,BTCUSDT
2025-09-29 23:58:25.223,114324.0,0.001,BTCUSDT
2025-09-29 23:58:25.223,114324.0,0.001,BTCUSDT
2025-09-29 23:58:25.223,114324.0,0.002,BTCUSDT
2025-09-29 23:58:25.223,114324.0,0.001,BTCUSDT
2025-09-29 23:58:25.223,114324.0,0.002,BTCUSDT
2025-09-29 23:58:25.223,114324.0,0.003,BTCUSDT
2025-09-29 23:58:25.223,114324.0,0.001,BTCUSDT
2025-09-29 23:58:25.223,114323.9,0.002,BTCUSDT
2025-09-29 23:58:25.223,114323.4,0.002,BTCUSDT
2025-09-29 23:58:25.223,114323.4,0.001,BTCUSDT
2025-09-29 23:58:25.223,114323.2,0.039,BTCUSDT
2025-09-29 23:58:25.223,114323.2,0.09,BTCUSDT
2025-09-29 23:58:25.223,114323.1,0.001,BTCUSDT
2025-09-29 23:58:25.223,114323.1,0.182,BTCUSDT
2025-09-29 23:58:25.223,114323.0,0.087,BTCUSDT
2025-09-29 23:58:25.223,114323.0,0.131,BTCUSDT
2025-09-29 23:58:25.223,114322.9,0.001,BTCUSDT
2025-09-29 23:58:25.223,114322.8,0.002,BTCUSDT
2025-09-29 23:58:25.223,114322.8,0.002,BTCUSDT
2025-09-29 23:58:25.223,114322.8,0.002,BTCUSDT
2025-09-29 23:58:25.223,114322.4,0.03,BTCUSDT
2025-09-29 23:58:25.223,114322.2,0.002,BTCUSDT
2025-09-29 23:58:25.223,114321.8,0.09,BTCUSDT
2025-09-29 23:58:25.223,114321.7,0.001,BTCUSDT
2025-09-29 23:58:25.223,114321.7,0.002,BTCUSDT
2025-09-29 23:58:25.223,114321.7,0.002,BTCUSDT
2025-09-29 23:58:25.223,114321.6,0.002,BTCUSDT
2025-09-29 23:58:25.223,114321.6,0.01,BTCUSDT
2025-09-29 23:58:25.223,114321.2,0.002,BTCUSDT
2025-09-29 23:58:25.223,114321.1,0.005,BTCUSDT
2025-09-29 23:58:25.223,114321.0,0.002,BTCUSDT
2025-09-29 23:58:25.223,114321.0,0.043,BTCUSDT
2025-09-29 23:58:25.223,114320.7,0.001,BTCUSDT
2025-09-29 23:58:25.223,114320.6,0.001,BTCUSDT
2025-09-29 23:58:25.223,114320.6,0.09,BTCUSDT
2025-09-29 23:58:25.223,114320.6,0.002,BTCUSDT
2025-09-29 23:58:25.223,114320.6,0.002,BTCUSDT
2025-09-29 23:58:25.223,114320.4,0.002,BTCUSDT
2025-09-29 23:58:25.223,114320.3,0.057,BTCUSDT
2025-09-29 23:58:25.223,114320.2,0.003,BTCUSDT
2025-09-29 23:58:25.223,114320.1,0.002,BTCUSDT
2025-09-29 23:58:25.223,114320.1,0.001,BTCUSDT
2025-09-29 23:58:25.223,114320.1,0.001,BTCUSDT
2025-09-29 23:58:25.223,114320.0,0.001,BTCUSDT
2025-09-29 23:58:25.223,114320.0,0.002,BTCUSDT
2025-09-29 23:58:25.223,114320.0,0.238,BTCUSDT
2025-09-29 23:58:25.223,114320.0,0.559,BTCUSDT
2025-09-29 23:58:25.223,114320.0,0.001,BTCUSDT
2025-09-29 23:58:25.223,114319.9,0.001,BTCUSDT
2025-09-29 23:58:25.223,114319.8,0.001,BTCUSDT
2025-09-29 23:58:25.223,114319.8,0.002,BTCUSDT
2025-09-29 23:58:25.223,114319.4,0.002,BTCUSDT
2025-09-29 23:58:25.223,114319.4,0.002,BTCUSDT
2025-09-29 23:58:25.223,114319.3,0.09,BTCUSDT
2025-09-29 23:58:25.223,114319.2,0.002,BTCUSDT
2025-09-29 23:58:25.223,114319.0,0.002,BTCUSDT
2025-09-29 23:58:25.223,114318.7,0.002,BTCUSDT
2025-09-29 23:58:25.223,114318.6,0.002,BTCUSDT
2025-09-29 23:58:25.223,114318.6,0.003,BTCUSDT
2025-09-29 23:58:25.223,114318.5,0.001,BTCUSDT
2025-09-29 23:58:25.223,114318.4,0.06,BTCUSDT
2025-09-29 23:58:25.223,114318.3,0.001,BTCUSDT
2025-09-29 23:58:25.223,114318.3,0.002,BTCUSDT
2025-09-29 23:58:25.223,114318.3,0.002,BTCUSDT
2025-09-29 23:58:25.223,114318.3,0.001,BTCUSDT
2025-09-29 23:58:25.223,114318.0,0.001,BTCUSDT
2025-09-29 23:58:25.223,114318.0,0.002,BTCUSDT
2025-09-29 23:58:25.223,114318.0,0.01,BTCUSDT
2025-09-29 23:58:25.223,114318.0,0.171,BTCUSDT
2025-09-29 23:58:25.223,114317.9,0.002,BTCUSDT
2025-09-29 23:58:25.223,114317.8,0.001,BTCUSDT
2025-09-29 23:58:25.223,114317.4,0.002,BTCUSDT
2025-09-29 23:58:25.223,114317.1,0.001,BTCUSDT
2025-09-29 23:58:25.223,114317.1,0.002,BTCUSDT
2025-09-29 23:58:25.223,114317.1,0.002,BTCUSDT
2025-09-29 23:58:25.223,114317.0,0.001,BTCUSDT
2025-09-29 23:58:25.223,114317.0,0.002,BTCUSDT
2025-09-29 23:58:25.223,114316.8,0.002,BTCUSDT
2025-09-29 23:58:25.223,114316.8,0.002,BTCUSDT
2025-09-29 23:58:25.223,114316.8,0.004,BTCUSDT
2025-09-29 23:58:25.224,114316.8,0.003,BTCUSDT
2025-09-29 23:58:25.224,114316.8,0.004,BTCUSDT
2025-09-29 23:58:25.224,114316.6,0.001,BTCUSDT
2025-09-29 23:58:25.224,114316.4,0.001,BTCUSDT
2025-09-29 23:58:25.224,114316.2,0.002,BTCUSDT
2025-09-29 23:58:25.224,114316.1,0.137,BTCUSDT
2025-09-29 23:58:25.224,114316.0,0.002,BTCUSDT
2025-09-29 23:58:25.224,114316.0,0.002,BTCUSDT
2025-09-29 23:58:25.224,114315.7,0.002,BTCUSDT
2025-09-29 23:58:25.224,114315.6,0.002,BTCUSDT
2025-09-29 23:58:25.224,114315.6,0.133,BTCUSDT
2025-09-29 23:58:25.224,114315.5,0.001,BTCUSDT
2025-09-29 23:58:25.224,114315.5,0.065,BTCUSDT
2025-09-29 23:58:25.224,114315.5,0.002,BTCUSDT
2025-09-29 23:58:25.224,114315.3,0.001,BTCUSDT
2025-09-29 23:58:25.224,114315.3,0.057,BTCUSDT
2025-09-29 23:58:25.224,114315.2,0.002,BTCUSDT
2025-09-29 23:58:25.224,114315.1,0.001,BTCUSDT
2025-09-29 23:58:25.224,114315.0,0.002,BTCUSDT
2025-09-29 23:58:25.224,114314.9,0.001,BTCUSDT
2025-09-29 23:58:25.224,114314.9,0.001,BTCUSDT
2025-09-29 23:58:25.224,114314.8,0.002,BTCUSDT
2025-09-29 23:58:25.224,114314.6,0.002,BTCUSDT
2025-09-29 23:58:25.224,114314.6,0.002,BTCUSDT
2025-09-29 23:58:25.224,114314.1,0.001,BTCUSDT
2025-09-29 23:58:25.224,114314.0,0.002,BTCUSDT
2025-09-29 23:58:25.224,114313.9,0.002,BTCUSDT
2025-09-29 23:58:25.224,114313.8,0.002,BTCUSDT
2025-09-29 23:58:25.224,114313.7,0.005,BTCUSDT
2025-09-29 23:58:25.224,114313.5,0.001,BTCUSDT
2025-09-29 23:58:25.224,114313.5,0.049,BTCUSDT
2025-09-29 23:58:25.224,114313.5,0.735,BTCUSDT
2025-09-29 23:58:25.224,114313.4,1.232,BTCUSDT
2025-09-29 23:58:25.224,114313.4,0.564,BTCUSDT
2025-09-29 23:58:25.224,114313.2,0.001,BTCUSDT
2025-09-29 23:58:25.224,114313.2,0.001,BTCUSDT
2025-09-29 23:58:25.224,114313.0,0.001,BTCUSDT
2025-09-29 23:58:25.224,114312.9,0.002,BTCUSDT
2025-09-29 23:58:25.224,114312.9,0.002,BTCUSDT
2025-09-29 23:58:25.224,114312.8,0.002,BTCUSDT
2025-09-29 23:58:25.224,114312.6,0.001,BTCUSDT
2025-09-29 23:58:25.224,114312.5,0.002,BTCUSDT
2025-09-29 23:58:25.224,114312.5,0.473,BTCUSDT
2025-09-29 23:58:25.224,114312.4,0.656,BTCUSDT
2025-09-29 23:58:25.224,114312.3,0.002,BTCUSDT
2025-09-29 23:58:25.224,114312.3,0.002,BTCUSDT
2025-09-29 23:58:25.224,114312.3,0.001,BTCUSDT
2025-09-29 23:58:25.224,114312.2,0.004,BTCUSDT
2025-09-29 23:58:25.224,114312.0,0.001,BTCUSDT
2025-09-29 23:58:25.224,114311.9,0.002,BTCUSDT
2025-09-29 23:58:25.224,114311.7,0.002,BTCUSDT
2025-09-29 23:58:25.224,114311.6,0.735,BTCUSDT
2025-09-29 23:58:25.224,114311.5,0.001,BTCUSDT
2025-09-29 23:58:25.224,114311.1,0.001,BTCUSDT
2025-09-29 23:58:25.224,114311.0,0.002,BTCUSDT
2025-09-29 23:58:25.224,114310.9,1.225,BTCUSDT
2025-09-29 23:58:25.224,114310.9,0.007,BTCUSDT
2025-09-29 23:58:25.224,114310.9,0.001,BTCUSDT
2025-09-29 23:58:25.224,114310.8,0.002,BTCUSDT
2025-09-29 23:58:25.224,114310.7,0.03,BTCUSDT
2025-09-29 23:58:25.224,114310.5,0.137,BTCUSDT
2025-09-29 23:58:25.224,114310.4,0.133,BTCUSDT
2025-09-29 23:58:25.224,114310.3,1.313,BTCUSDT
2025-09-29 23:58:25.224,114310.2,0.184,BTCUSDT
2025-09-29 23:58:25.224,114310.2,0.002,BTCUSDT
2025-09-29 23:58:25.224,114310.1,0.002,BTCUSDT
2025-09-29 23:58:25.224,114310.0,0.001,BTCUSDT
2025-09-29 23:58:25.224,114310.0,0.001,BTCUSDT
2025-09-29 23:58:25.224,114310.0,0.002,BTCUSDT
2025-09-29 23:58:25.224,114309.9,0.002,BTCUSDT
2025-09-29 23:58:25.224,114309.8,0.006,BTCUSDT
2025-09-29 23:58:25.224,114309.8,0.001,BTCUSDT
2025-09-29 23:58:25.224,114309.7,0.001,BTCUSDT
2025-09-29 23:58:25.224,114309.7,0.002,BTCUSDT
2025-09-29 23:58:25.224,114309.7,0.735,BTCUSDT
2025-09-29 23:58:25.224,114309.5,0.002,BTCUSDT
2025-09-29 23:58:25.224,114309.5,0.002,BTCUSDT
2025-09-29 23:58:25.224,114309.5,0.065,BTCUSDT
2025-09-29 23:58:25.224,114309.4,0.002,BTCUSDT
2025-09-29 23:58:25.224,114309.2,0.001,BTCUSDT
2025-09-29 23:58:25.224,114309.2,0.002,BTCUSDT
2025-09-29 23:58:25.224,114309.2,0.001,BTCUSDT
2025-09-29 23:58:25.224,114308.9,0.001,BTCUSDT
2025-09-29 23:58:25.224,114308.9,0.001,BTCUSDT
2025-09-29 23:58:25.224,114308.9,0.001,BTCUSDT
2025-09-29 23:58:25.224,114308.9,0.001,BTCUSDT
2025-09-29 23:58:25.224,114308.8,0.002,BTCUSDT
2025-09-29 23:58:25.224,114308.7,0.001,BTCUSDT
2025-09-29 23:58:25.224,114308.6,0.001,BTCUSDT
2025-09-29 23:58:25.224,114308.5,0.04,BTCUSDT
2025-09-29 23:58:25.224,114308.5,0.03,BTCUSDT
2025-09-29 23:58:25.224,114308.4,0.058,BTCUSDT
2025-09-29 23:58:25.224,114308.4,0.001,BTCUSDT
2025-09-29 23:58:25.224,114308.3,0.656,BTCUSDT
2025-09-29 23:58:25.224,114308.3,0.08,BTCUSDT
2025-09-29 23:58:25.224,114308.3,0.088,BTCUSDT
2025-09-29 23:58:25.224,114308.3,0.08,BTCUSDT
2025-09-29 23:58:25.224,114308.2,0.058,BTCUSDT
2025-09-29 23:58:25.224,114308.2,0.001,BTCUSDT
2025-09-29 23:58:25.224,114308.1,0.002,BTCUSDT
2025-09-29 23:58:25.224,114308.1,0.001,BTCUSDT
2025-09-29 23:58:25.224,114308.0,1.313,BTCUSDT
2025-09-29 23:58:25.224,114307.9,0.457,BTCUSDT
2025-09-29 23:58:25.224,114307.9,0.03,BTCUSDT
2025-09-29 23:58:25.224,114307.9,0.002,BTCUSDT
2025-09-29 23:58:25.224,114307.8,0.002,BTCUSDT
2025-09-29 23:58:25.224,114307.8,0.735,BTCUSDT
2025-09-29 23:58:25.224,114307.5,1.5,BTCUSDT
2025-09-29 23:58:25.224,114307.4,0.97,BTCUSDT
2025-09-29 23:58:25.224,114307.3,0.04,BTCUSDT
2025-09-29 23:58:25.224,114307.3,0.04,BTCUSDT
2025-09-29 23:58:25.224,114307.3,0.04,BTCUSDT
2025-09-29 23:58:25.224,114307.3,0.2,BTCUSDT
2025-09-29 23:58:25.224,114307.3,0.2,BTCUSDT
2025-09-29 23:58:25.224,114307.3,0.2,BTCUSDT
2025-09-29 23:58:25.224,114307.2,0.001,BTCUSDT
2025-09-29 23:58:25.224,114307.2,0.002,BTCUSDT
2025-09-29 23:58:25.224,114307.2,0.001,BTCUSDT
2025-09-29 23:58:25.224,114307.2,1.022,BTCUSDT
2025-09-29 23:58:25.224,114307.2,0.51,BTCUSDT
2025-09-29 23:58:25.224,114307.2,0.104,BTCUSDT
2025-09-29 23:58:25.224,114307.2,0.08,BTCUSDT
2025-09-29 23:58:25.224,114307.1,0.08,BTCUSDT
2025-09-29 23:58:25.224,114307.1,0.002,BTCUSDT
2025-09-29 23:58:25.224,114307.0,0.002,BTCUSDT
2025-09-29 23:58:25.224,114307.0,1.313,BTCUSDT
2025-09-29 23:58:25.224,114307.0,0.002,BTCUSDT
2025-09-29 23:58:25.224,114306.9,0.001,BTCUSDT
2025-09-29 23:58:25.224,114306.8,0.002,BTCUSDT
2025-09-29 23:58:25.224,114306.8,0.006,BTCUSDT
2025-09-29 23:58:25.224,114306.7,0.017,BTCUSDT
2025-09-29 23:58:25.224,114306.6,0.473,BTCUSDT
2025-09-29 23:58:25.224,114306.5,0.001,BTCUSDT
2025-09-29 23:58:25.224,114306.4,0.001,BTCUSDT
2025-09-29 23:58:25.224,114306.3,0.001,BTCUSDT
2025-09-29 23:58:25.224,114306.3,0.32,BTCUSDT
2025-09-29 23:58:25.224,114306.3,0.08,BTCUSDT
2025-09-29 23:58:25.224,114306.3,0.64,BTCUSDT
2025-09-29 23:58:25.224,114306.3,0.001,BTCUSDT
2025-09-29 23:58:25.224,114306.3,0.104,BTCUSDT
2025-09-29 23:58:25.224,114306.2,0.006,BTCUSDT
2025-09-29 23:58:25.224,114306.2,0.04,BTCUSDT
2025-09-29 23:58:25.224,114306.2,0.04,BTCUSDT
2025-09-29 23:58:25.224,114306.2,0.03,BTCUSDT
2025-09-29 23:58:25.224,114306.2,0.2,BTCUSDT
2025-09-29 23:58:25.224,114306.2,0.04,BTCUSDT
2025-09-29 23:58:25.224,114306.2,0.2,BTCUSDT
2025-09-29 23:58:25.224,114306.1,0.08,BTCUSDT
2025-09-29 23:58:25.224,114306.1,0.08,BTCUSDT
2025-09-29 23:58:25.224,114306.1,0.04,BTCUSDT
2025-09-29 23:58:25.224,114306.0,0.001,BTCUSDT
2025-09-29 23:58:25.224,114306.0,0.096,BTCUSDT
2025-09-29 23:58:25.224,114306.0,0.08,BTCUSDT
2025-09-29 23:58:25.224,114306.0,0.08,BTCUSDT
2025-09-29 23:58:25.224,114305.9,0.002,BTCUSDT
2025-09-29 23:58:25.224,114305.9,0.735,BTCUSDT
2025-09-29 23:58:25.224,114305.9,0.002,BTCUSDT
2025-09-29 23:58:25.224,114305.7,0.137,BTCUSDT
2025-09-29 23:58:25.224,114305.6,0.002,BTCUSDT
2025-09-29 23:58:25.224,114305.6,1.313,BTCUSDT
2025-09-29 23:58:25.224,114305.4,0.001,BTCUSDT
2025-09-29 23:58:25.224,114305.4,0.001,BTCUSDT
2025-09-29 23:58:25.224,114305.4,0.005,BTCUSDT
2025-09-29 23:58:25.224,114305.3,0.002,BTCUSDT
2025-09-29 23:58:25.224,114305.3,0.002,BTCUSDT
2025-09-29 23:58:25.224,114305.2,0.001,BTCUSDT
2025-09-29 23:58:25.224,114305.0,0.002,BTCUSDT
2025-09-29 23:58:25.224,114305.0,0.242,BTCUSDT
2025-09-29 23:58:25.224,114304.7,0.002,BTCUSDT
2025-09-29 23:58:25.224,114304.7,0.161,BTCUSDT
2025-09-29 23:58:25.224,114304.7,0.002,BTCUSDT
2025-09-29 23:58:25.224,114304.7,0.001,BTCUSDT
2025-09-29 23:58:25.224,114304.2,0.002,BTCUSDT
2025-09-29 23:58:25.224,114304.1,0.002,BTCUSDT
2025-09-29 23:58:25.224,114304.1,0.001,BTCUSDT
2025-09-29 23:58:25.224,114304.0,1.225,BTCUSDT
2025-09-29 23:58:25.224,114304.0,0.001,BTCUSDT
2025-09-29 23:58:25.224,114304.0,0.001,BTCUSDT
2025-09-29 23:58:25.224,114304.0,0.735,BTCUSDT
2025-09-29 23:58:25.224,114303.9,0.003,BTCUSDT
2025-09-29 23:58:25.224,114303.7,0.001,BTCUSDT
2025-09-29 23:58:25.224,114303.6,0.002,BTCUSDT
2025-09-29 23:58:25.224,114303.6,0.002,BTCUSDT
2025-09-29 23:58:25.224,114303.5,0.002,BTCUSDT
2025-09-29 23:58:25.224,114303.5,0.001,BTCUSDT
2025-09-29 23:58:25.224,114303.4,0.06,BTCUSDT
2025-09-29 23:58:25.224,114303.4,0.116,BTCUSDT
2025-09-29 23:58:25.224,114303.4,0.133,BTCUSDT
2025-09-29 23:58:25.224,114303.4,0.002,BTCUSDT
2025-09-29 23:58:25.224,114303.3,0.184,BTCUSDT
2025-09-29 23:58:25.224,114303.3,1.313,BTCUSDT
2025-09-29 23:58:25.224,114303.3,1.313,BTCUSDT
2025-09-29 23:58:25.224,114303.1,0.174,BTCUSDT
2025-09-29 23:58:25.224,114303.0,0.001,BTCUSDT
2025-09-29 23:58:25.224,114303.0,0.002,BTCUSDT
2025-09-29 23:58:25.224,114303.0,0.007,BTCUSDT
2025-09-29 23:58:25.224,114303.0,0.001,BTCUSDT
2025-09-29 23:58:25.224,114302.9,0.001,BTCUSDT
2025-09-29 23:58:25.224,114302.9,0.002,BTCUSDT
2025-09-29 23:58:25.224,114302.8,0.002,BTCUSDT
2025-09-29 23:58:25.224,114302.5,0.002,BTCUSDT
2025-09-29 23:58:25.224,114302.4,1.18,BTCUSDT
2025-09-29 23:58:25.224,114302.2,0.002,BTCUSDT
2025-09-29 23:58:25.224,114302.2,0.001,BTCUSDT
2025-09-29 23:58:25.224,114302.1,0.001,BTCUSDT
2025-09-29 23:58:25.224,114301.9,0.052,BTCUSDT
2025-09-29 23:58:25.224,114301.9,0.002,BTCUSDT
2025-09-29 23:58:25.224,114301.8,0.001,BTCUSDT
2025-09-29 23:58:25.224,114301.8,0.133,BTCUSDT
2025-09-29 23:58:25.224,114301.8,0.001,BTCUSDT
2025-09-29 23:58:25.224,114301.8,1.0,BTCUSDT
2025-09-29 23:58:25.224,114301.5,0.002,BTCUSDT
2025-09-29 23:58:25.224,114301.4,0.002,BTCUSDT
2025-09-29 23:58:25.224,114301.4,0.008,BTCUSDT
2025-09-29 23:58:25.224,114301.3,0.7,BTCUSDT
2025-09-29 23:58:25.224,114301.3,0.001,BTCUSDT
2025-09-29 23:58:25.224,114301.0,0.005,BTCUSDT
2025-09-29 23:58:25.224,114300.8,0.002,BTCUSDT
2025-09-29 23:58:25.224,114300.8,0.006,BTCUSDT
2025-09-29 23:58:25.224,114300.7,0.003,BTCUSDT
2025-09-29 23:58:25.224,114300.7,0.004,BTCUSDT
2025-09-29 23:58:25.224,114300.6,0.005,BTCUSDT
2025-09-29 23:58:25.224,114300.6,0.01,BTCUSDT
2025-09-29 23:58:25.224,114300.5,0.059,BTCUSDT
2025-09-29 23:58:25.224,114300.4,0.005,BTCUSDT
2025-09-29 23:58:25.224,114300.4,1.132,BTCUSDT
2025-09-29 23:58:25.224,114300.4,0.002,BTCUSDT
2025-09-29 23:58:25.224,114300.3,1.225,BTCUSDT
2025-09-29 23:58:25.224,114300.0,0.001,BTCUSDT
2025-09-29 23:58:25.224,114300.0,0.001,BTCUSDT
2025-09-29 23:58:25.224,114300.0,0.137,BTCUSDT
2025-09-29 23:58:25.224,114300.0,0.002,BTCUSDT
2025-09-29 23:58:25.224,114300.0,0.002,BTCUSDT
2025-09-29 23:58:25.224,114300.0,0.002,BTCUSDT
2025-09-29 23:58:25.224,114300.0,0.002,BTCUSDT
2025-09-29 23:58:25.224,114299.9,0.473,BTCUSDT
2025-09-29 23:58:25.224,114299.7,0.002,BTCUSDT
2025-09-29 23:58:25.224,114299.7,1.154,BTCUSDT
2025-09-29 23:58:25.224,114299.6,0.002,BTCUSDT
2025-09-29 23:58:25.224,114299.6,0.001,BTCUSDT
2025-09-29 23:58:25.224,114299.5,0.001,BTCUSDT
2025-09-29 23:58:25.224,114299.5,0.001,BTCUSDT
2025-09-29 23:58:25.224,114299.5,0.001,BTCUSDT
2025-09-29 23:58:25.224,114299.3,0.985,BTCUSDT
2025-09-29 23:58:25.224,114299.2,0.001,BTCUSDT
2025-09-29 23:58:25.224,114299.1,0.002,BTCUSDT
2025-09-29 23:58:25.224,114299.0,0.002,BTCUSDT
2025-09-29 23:58:25.224,114299.0,0.035,BTCUSDT
2025-09-29 23:58:25.224,114298.8,0.358,BTCUSDT
2025-09-29 23:58:25.224,114298.8,0.005,BTCUSDT
2025-09-29 23:58:25.224,114298.8,0.017,BTCUSDT
2025-09-29 23:58:25.224,114298.8,0.001,BTCUSDT
2025-09-29 23:58:25.224,114298.7,0.032,BTCUSDT
2025-09-29 23:58:25.224,114298.5,0.001,BTCUSDT
2025-09-29 23:58:25.224,114298.5,0.002,BTCUSDT
2025-09-29 23:58:25.224,114298.5,0.04,BTCUSDT
2025-09-29 23:58:25.224,114298.3,0.04,BTCUSDT
2025-09-29 23:58:25.224,114298.3,0.026,BTCUSDT
2025-09-29 23:58:25.224,114298.1,0.04,BTCUSDT
2025-09-29 23:58:25.224,114298.1,0.005,BTCUSDT
2025-09-29 23:58:25.224,114298.0,0.002,BTCUSDT
2025-09-29 23:58:25.224,114298.0,0.002,BTCUSDT
2025-09-29 23:58:25.224,114298.0,0.04,BTCUSDT
2025-09-29 23:58:25.224,114297.9,0.001,BTCUSDT
2025-09-29 23:58:25.224,114297.8,0.001,BTCUSDT
2025-09-29 23:58:25.224,114297.8,1.313,BTCUSDT
2025-09-29 23:58:25.224,114297.7,0.002,BTCUSDT
2025-09-29 23:58:25.224,114297.7,0.002,BTCUSDT
2025-09-29 23:58:25.224,114297.5,0.002,BTCUSDT
2025-09-29 23:58:25.224,114297.5,0.045,BTCUSDT
2025-09-29 23:58:25.224,114297.5,0.005,BTCUSDT
2025-09-29 23:58:25.225,114297.5,0.015,BTCUSDT
2025-09-29 23:58:25.225,114297.2,0.002,BTCUSDT
2025-09-29 23:58:25.225,114297.2,0.003,BTCUSDT
2025-09-29 23:58:25.225,114297.2,0.001,BTCUSDT
2025-09-29 23:58:25.225,114297.2,0.002,BTCUSDT
2025-09-29 23:58:25.225,114297.2,0.088,BTCUSDT
2025-09-29 23:58:25.225,114297.1,0.08,BTCUSDT
2025-09-29 23:58:25.225,114297.1,1.313,BTCUSDT
2025-09-29 23:58:25.225,114297.1,0.002,BTCUSDT
2025-09-29 23:58:25.225,114297.1,0.009,BTCUSDT
2025-09-29 23:58:25.225,114297.1,0.016,BTCUSDT
2025-09-29 23:58:25.225,114297.0,0.04,BTCUSDT
2025-09-29 23:58:25.225,114297.0,0.009,BTCUSDT
2025-09-29 23:58:25.225,114297.0,0.04,BTCUSDT
2025-09-29 23:58:25.225,114296.9,0.001,BTCUSDT
2025-09-29 23:58:25.225,114296.9,0.04,BTCUSDT
2025-09-29 23:58:25.225,114296.9,0.009,BTCUSDT
2025-09-29 23:58:25.225,114296.9,0.04,BTCUSDT
2025-09-29 23:58:25.225,114296.8,0.04,BTCUSDT
2025-09-29 23:58:25.225,114296.8,0.04,BTCUSDT
2025-09-29 23:58:25.225,114296.7,0.014,BTCUSDT
2025-09-29 23:58:25.225,114296.6,0.04,BTCUSDT
2025-09-29 23:58:25.225,114296.6,0.002,BTCUSDT
2025-09-29 23:58:25.225,114296.5,0.002,BTCUSDT
2025-09-29 23:58:25.225,114296.4,0.016,BTCUSDT
2025-09-29 23:58:25.225,114296.4,1.225,BTCUSDT
2025-09-29 23:58:25.225,114296.4,0.001,BTCUSDT
2025-09-29 23:58:25.225,114296.4,0.184,BTCUSDT
2025-09-29 23:58:25.225,114296.3,0.6,BTCUSDT
2025-09-29 23:58:25.225,114296.3,2.392,BTCUSDT
2025-09-29 23:58:25.225,114296.3,0.001,BTCUSDT
2025-09-29 23:58:25.225,114296.3,0.025,BTCUSDT
2025-09-29 23:58:25.225,114296.3,0.07,BTCUSDT
2025-09-29 23:58:25.225,114296.2,0.002,BTCUSDT
2025-09-29 23:58:25.225,114296.2,0.001,BTCUSDT
2025-09-29 23:58:25.225,114296.2,0.002,BTCUSDT
2025-09-29 23:58:25.225,114296.2,0.001,BTCUSDT
2025-09-29 23:58:25.225,114296.2,0.002,BTCUSDT
2025-09-29 23:58:25.225,114296.2,0.002,BTCUSDT
2025-09-29 23:58:25.225,114296.2,0.001,BTCUSDT
2025-09-29 23:58:25.225,114296.1,0.005,BTCUSDT
2025-09-29 23:58:25.225,114296.0,0.001,BTCUSDT
2025-09-29 23:58:25.225,114296.0,0.356,BTCUSDT
2025-09-29 23:58:25.225,114296.0,0.002,BTCUSDT
2025-09-29 23:58:25.225,114295.9,0.001,BTCUSDT
2025-09-29 23:58:25.225,114295.9,0.045,BTCUSDT
2025-09-29 23:58:25.225,114295.9,0.08,BTCUSDT
2025-09-29 23:58:25.225,114295.8,0.001,BTCUSDT
2025-09-29 23:58:25.225,114295.6,0.036,BTCUSDT
2025-09-29 23:58:25.225,114295.5,0.001,BTCUSDT
2025-09-29 23:58:25.225,114295.5,1.3,BTCUSDT
2025-09-29 23:58:25.225,114295.4,0.002,BTCUSDT
2025-09-29 23:58:25.225,114295.4,0.35,BTCUSDT
2025-09-29 23:58:25.225,114295.4,0.008,BTCUSDT
2025-09-29 23:58:25.225,114295.4,0.002,BTCUSDT
2025-09-29 23:58:25.225,114295.4,0.002,BTCUSDT
2025-09-29 23:58:25.225,114295.3,0.036,BTCUSDT
2025-09-29 23:58:25.225,114295.1,0.021,BTCUSDT
2025-09-29 23:58:25.225,114295.0,0.031,BTCUSDT
2025-09-29 23:58:25.225,114295.0,1.313,BTCUSDT
2025-09-29 23:58:25.225,114295.0,0.002,BTCUSDT
2025-09-29 23:58:25.225,114294.9,0.001,BTCUSDT
2025-09-29 23:58:25.225,114294.9,0.002,BTCUSDT
2025-09-29 23:58:25.225,114294.8,0.17,BTCUSDT
2025-09-29 23:58:25.225,114294.8,0.002,BTCUSDT
2025-09-29 23:58:25.225,114294.7,0.031,BTCUSDT
2025-09-29 23:58:25.225,114294.6,0.04,BTCUSDT
2025-09-29 23:58:25.225,114294.5,0.001,BTCUSDT
2025-09-29 23:58:25.225,114294.3,0.067,BTCUSDT
2025-09-29 23:58:25.225,114294.2,0.089,BTCUSDT
2025-09-29 23:58:25.225,114293.9,0.158,BTCUSDT
2025-09-29 23:58:25.225,114293.9,0.181,BTCUSDT
2025-09-29 23:58:25.225,114293.9,0.18,BTCUSDT
2025-09-29 23:58:25.225,114293.9,0.002,BTCUSDT
2025-09-29 23:58:25.225,114293.9,0.001,BTCUSDT
2025-09-29 23:58:25.225,114293.9,0.004,BTCUSDT
2025-09-29 23:58:25.225,114293.9,0.003,BTCUSDT
2025-09-29 23:58:25.225,114293.9,0.004,BTCUSDT
2025-09-29 23:58:25.225,114293.9,0.004,BTCUSDT
2025-09-29 23:58:25.225,114293.5,0.002,BTCUSDT
2025-09-29 23:58:25.225,114293.3,0.002,BTCUSDT
2025-09-29 23:58:25.225,114293.3,0.001,BTCUSDT
2025-09-29 23:58:25.225,114293.3,0.629,BTCUSDT
2025-09-29 23:58:25.225,114293.2,0.362,BTCUSDT
2025-09-29 23:58:25.225,114293.1,0.087,BTCUSDT
2025-09-29 23:58:25.225,114293.1,0.002,BTCUSDT
2025-09-29 23:58:25.225,114292.8,0.001,BTCUSDT
2025-09-29 23:58:25.225,114292.8,0.006,BTCUSDT
2025-09-29 23:58:25.225,114292.8,0.006,BTCUSDT
2025-09-29 23:58:25.225,114292.8,0.001,BTCUSDT
2025-09-29 23:58:25.225,114292.8,0.002,BTCUSDT
2025-09-29 23:58:25.225,114292.8,0.014,BTCUSDT
2025-09-29 23:58:25.225,114292.8,0.019,BTCUSDT
2025-09-29 23:58:25.225,114292.8,0.018,BTCUSDT
2025-09-29 23:58:25.225,114292.7,0.492,BTCUSDT
2025-09-29 23:58:25.225,114292.7,0.002,BTCUSDT
2025-09-29 23:58:25.225,114292.7,0.234,BTCUSDT
2025-09-29 23:58:25.225,114292.6,0.001,BTCUSDT
2025-09-29 23:58:25.225,114292.6,0.004,BTCUSDT
2025-09-29 23:58:25.225,114292.5,0.001,BTCUSDT
2025-09-29 23:58:25.225,114292.5,0.001,BTCUSDT
2025-09-29 23:58:25.225,114292.5,1.934,BTCUSDT
2025-09-29 23:58:25.225,114292.5,0.04,BTCUSDT
2025-09-29 23:58:25.225,114292.4,0.002,BTCUSDT
2025-09-29 23:58:25.225,114292.4,1.225,BTCUSDT
2025-09-29 23:58:25.225,114292.4,0.184,BTCUSDT
2025-09-29 23:58:25.225,114292.4,0.234,BTCUSDT
2025-09-29 23:58:25.225,114292.3,1.313,BTCUSDT
2025-09-29 23:58:25.225,114292.2,0.972,BTCUSDT
2025-09-29 23:58:25.225,114292.2,0.001,BTCUSDT
2025-09-29 23:58:25.225,114292.1,0.002,BTCUSDT
2025-09-29 23:58:25.225,114292.1,0.001,BTCUSDT
2025-09-29 23:58:25.225,114292.0,0.003,BTCUSDT
2025-09-29 23:58:25.225,114291.9,0.004,BTCUSDT
2025-09-29 23:58:25.225,114291.8,0.002,BTCUSDT
2025-09-29 23:58:25.225,114291.8,0.001,BTCUSDT
2025-09-29 23:58:25.225,114291.8,0.001,BTCUSDT
2025-09-29 23:58:25.225,114291.8,0.001,BTCUSDT
2025-09-29 23:58:25.225,114291.8,0.001,BTCUSDT
2025-09-29 23:58:25.225,114291.8,0.001,BTCUSDT
2025-09-29 23:58:25.225,114291.7,0.002,BTCUSDT
2025-09-29 23:58:25.225,114291.7,0.04,BTCUSDT
2025-09-29 23:58:25.225,114291.7,0.021,BTCUSDT
2025-09-29 23:58:25.225,114291.6,0.001,BTCUSDT
2025-09-29 23:58:25.225,114291.6,1.0,BTCUSDT
2025-09-29 23:58:25.225,114291.6,0.967,BTCUSDT
2025-09-29 23:58:25.225,114291.5,0.002,BTCUSDT
2025-09-29 23:58:25.225,114291.2,0.16,BTCUSDT
2025-09-29 23:58:25.225,114291.2,0.004,BTCUSDT
2025-09-29 23:58:25.225,114291.1,0.002,BTCUSDT
2025-09-29 23:58:25.225,114291.0,0.001,BTCUSDT
2025-09-29 23:58:25.225,114291.0,0.04,BTCUSDT
2025-09-29 23:58:25.225,114290.9,0.175,BTCUSDT
2025-09-29 23:58:25.225,114290.9,0.002,BTCUSDT
2025-09-29 23:58:25.225,114290.9,0.002,BTCUSDT
2025-09-29 23:58:25.225,114290.8,0.001,BTCUSDT
2025-09-29 23:58:25.225,114290.8,0.137,BTCUSDT
2025-09-29 23:58:25.225,114290.7,0.016,BTCUSDT
2025-09-29 23:58:25.225,114290.5,0.457,BTCUSDT
2025-09-29 23:58:25.225,114290.4,0.473,BTCUSDT
2025-09-29 23:58:25.225,114290.4,0.348,BTCUSDT
2025-09-29 23:58:25.225,114290.3,0.001,BTCUSDT
2025-09-29 23:58:25.225,114290.3,1.313,BTCUSDT
2025-09-29 23:58:25.225,114290.3,0.04,BTCUSDT
2025-09-29 23:58:25.225,114290.2,0.969,BTCUSDT
2025-09-29 23:58:25.225,114290.1,0.004,BTCUSDT
2025-09-29 23:58:25.225,114290.0,0.002,BTCUSDT
2025-09-29 23:58:25.225,114290.0,0.001,BTCUSDT
2025-09-29 23:58:25.225,114290.0,2.207,BTCUSDT
2025-09-29 23:58:25.225,114290.0,0.002,BTCUSDT
2025-09-29 23:58:25.225,114290.0,0.002,BTCUSDT
2025-09-29 23:58:25.225,114290.0,0.899,BTCUSDT
2025-09-29 23:58:25.225,114290.0,0.029,BTCUSDT
2025-09-29 23:58:25.225,114290.0,0.002,BTCUSDT
2025-09-29 23:58:25.225,114289.9,1.098,BTCUSDT
2025-09-29 23:58:25.225,114289.9,0.002,BTCUSDT
2025-09-29 23:58:25.225,114289.8,0.001,BTCUSDT
2025-09-29 23:58:25.225,114289.8,0.003,BTCUSDT
2025-09-29 23:58:25.225,114289.6,0.35,BTCUSDT
2025-09-29 23:58:25.225,114289.4,0.001,BTCUSDT
2025-09-29 23:58:25.225,114289.4,0.002,BTCUSDT
2025-09-29 23:58:25.225,114289.3,0.002,BTCUSDT
2025-09-29 23:58:25.225,114289.2,0.001,BTCUSDT
2025-09-29 23:58:25.225,114289.1,1.048,BTCUSDT
2025-09-29 23:58:25.225,114289.1,0.001,BTCUSDT
2025-09-29 23:58:25.225,114289.0,0.001,BTCUSDT
2025-09-29 23:58:25.225,114288.9,0.001,BTCUSDT
2025-09-29 23:58:25.225,114288.9,0.985,BTCUSDT
2025-09-29 23:58:25.225,114288.9,0.04,BTCUSDT
2025-09-29 23:58:25.225,114288.9,1.313,BTCUSDT
2025-09-29 23:58:25.225,114288.9,0.036,BTCUSDT
2025-09-29 23:58:25.225,114288.8,0.002,BTCUSDT
2025-09-29 23:58:25.225,114288.8,0.001,BTCUSDT
2025-09-29 23:58:25.225,114288.7,0.002,BTCUSDT
2025-09-29 23:58:25.225,114288.7,0.002,BTCUSDT
2025-09-29 23:58:25.225,114288.6,0.002,BTCUSDT
2025-09-29 23:58:25.225,114288.3,0.002,BTCUSDT
2025-09-29 23:58:25.225,114288.3,0.002,BTCUSDT
2025-09-29 23:58:25.225,114288.3,0.002,BTCUSDT
2025-09-29 23:58:25.225,114288.3,0.184,BTCUSDT
2025-09-29 23:58:25.225,114288.3,1.225,BTCUSDT
2025-09-29 23:58:25.225,114288.2,9.993,BTCUSDT
2025-09-29 23:58:25.225,114288.2,0.007,BTCUSDT
2025-09-29 23:58:25.225,114288.2,0.159,BTCUSDT
2025-09-29 23:58:25.225,114288.2,0.002,BTCUSDT
2025-09-29 23:58:25.225,114288.1,0.002,BTCUSDT
2025-09-29 23:58:25.225,114288.1,0.001,BTCUSDT
2025-09-29 23:58:25.225,114288.0,1.315,BTCUSDT
2025-09-29 23:58:25.225,114288.0,0.392,BTCUSDT
2025-09-29 23:58:25.225,114287.6,0.002,BTCUSDT
2025-09-29 23:58:25.225,114287.6,0.35,BTCUSDT
2025-09-29 23:58:25.225,114287.5,0.001,BTCUSDT
2025-09-29 23:58:25.225,114287.4,0.001,BTCUSDT
2025-09-29 23:58:25.225,114287.4,0.001,BTCUSDT
2025-09-29 23:58:25.225,114287.4,0.045,BTCUSDT
2025-09-29 23:58:25.225,114287.2,0.067,BTCUSDT
2025-09-29 23:58:25.225,114287.1,0.002,BTCUSDT
2025-09-29 23:58:25.225,114287.0,0.002,BTCUSDT
2025-09-29 23:58:25.225,114287.0,0.027,BTCUSDT
2025-09-29 23:58:25.225,114286.9,0.001,BTCUSDT
2025-09-29 23:58:25.225,114286.9,0.002,BTCUSDT
2025-09-29 23:58:25.225,114286.8,0.002,BTCUSDT
2025-09-29 23:58:25.225,114286.7,0.055,BTCUSDT
2025-09-29 23:58:25.225,114286.6,0.002,BTCUSDT
2025-09-29 23:58:25.225,114286.6,0.181,BTCUSDT
2025-09-29 23:58:25.225,114286.5,0.002,BTCUSDT
2025-09-29 23:58:25.225,114286.4,0.972,BTCUSDT
2025-09-29 23:58:25.225,114286.4,0.002,BTCUSDT
2025-09-29 23:58:25.225,114286.3,0.077,BTCUSDT
2025-09-29 23:58:25.225,114286.3,0.001,BTCUSDT
2025-09-29 23:58:25.225,114286.3,0.002,BTCUSDT
2025-09-29 23:58:25.225,114286.2,0.002,BTCUSDT
2025-09-29 23:58:25.225,114286.1,0.002,BTCUSDT
2025-09-29 23:58:25.225,114286.0,0.001,BTCUSDT
2025-09-29 23:58:25.225,114286.0,0.005,BTCUSDT
2025-09-29 23:58:25.225,114285.9,0.078,BTCUSDT
2025-09-29 23:58:25.225,114285.7,0.001,BTCUSDT
2025-09-29 23:58:25.225,114285.7,0.001,BTCUSDT
2025-09-29 23:58:25.225,114285.7,0.038,BTCUSDT
2025-09-29 23:58:25.225,114285.6,0.001,BTCUSDT
2025-09-29 23:58:25.225,114285.6,0.002,BTCUSDT
2025-09-29 23:58:25.225,114285.6,0.001,BTCUSDT
2025-09-29 23:58:25.225,114285.5,0.001,BTCUSDT
2025-09-29 23:58:25.225,114285.3,0.001,BTCUSDT
2025-09-29 23:58:25.225,114285.2,0.002,BTCUSDT
2025-09-29 23:58:25.225,114285.2,0.022,BTCUSDT
2025-09-29 23:58:25.225,114285.0,0.002,BTCUSDT
2025-09-29 23:58:25.225,114285.0,0.016,BTCUSDT
2025-09-29 23:58:25.225,114285.0,0.395,BTCUSDT
2025-09-29 23:58:25.225,114285.0,0.02,BTCUSDT
2025-09-29 23:58:25.225,114284.9,0.002,BTCUSDT
2025-09-29 23:58:25.225,114284.9,0.967,BTCUSDT
2025-09-29 23:58:25.225,114284.8,0.004,BTCUSDT
2025-09-29 23:58:25.225,114284.8,1.383,BTCUSDT
2025-09-29 23:58:25.225,114284.8,0.337,BTCUSDT
2025-09-29 23:58:25.225,114284.8,0.525,BTCUSDT
2025-09-29 23:58:25.225,114284.7,0.001,BTCUSDT
2025-09-29 23:58:25.225,114284.7,1.5,BTCUSDT
2025-09-29 23:58:25.225,114284.7,0.02,BTCUSDT
2025-09-29 23:58:25.225,114284.7,0.087,BTCUSDT
2025-09-29 23:58:25.225,114284.5,0.127,BTCUSDT
2025-09-29 23:58:25.225,114284.4,0.002,BTCUSDT
2025-09-29 23:58:25.225,114284.4,0.001,BTCUSDT
2025-09-29 23:58:25.225,114284.4,0.001,BTCUSDT
2025-09-29 23:58:25.225,114284.2,0.037,BTCUSDT
2025-09-29 23:58:25.225,114284.1,0.395,BTCUSDT
2025-09-29 23:58:25.225,114284.0,0.001,BTCUSDT
2025-09-29 23:58:25.225,114284.0,0.027,BTCUSDT
2025-09-29 23:58:25.225,114284.0,0.002,BTCUSDT
2025-09-29 23:58:25.225,114284.0,0.002,BTCUSDT
2025-09-29 23:58:25.225,114283.9,0.002,BTCUSDT
2025-09-29 23:58:25.225,114283.8,0.002,BTCUSDT
2025-09-29 23:58:25.225,114283.8,0.35,BTCUSDT
2025-09-29 23:58:25.225,114283.8,0.04,BTCUSDT
2025-09-29 23:58:25.225,114283.8,0.004,BTCUSDT
2025-09-29 23:58:25.225,114283.7,0.02,BTCUSDT
2025-09-29 23:58:25.225,114283.6,0.04,BTCUSDT
2025-09-29 23:58:25.225,114283.5,0.002,BTCUSDT
2025-09-29 23:58:25.225,114283.5,0.04,BTCUSDT
2025-09-29 23:58:25.225,114283.5,0.04,BTCUSDT
2025-09-29 23:58:25.225,114283.4,0.029,BTCUSDT
2025-09-29 23:58:25.225,114283.3,0.032,BTCUSDT
2025-09-29 23:58:25.225,114283.1,0.002,BTCUSDT
2025-09-29 23:58:25.225,114283.1,0.184,BTCUSDT
2025-09-29 23:58:25.225,114283.1,1.225,BTCUSDT
2025-09-29 23:58:25.225,114282.9,0.002,BTCUSDT
2025-09-29 23:58:25.225,114282.9,0.262,BTCUSDT
2025-09-29 23:58:25.225,114282.8,0.002,BTCUSDT
2025-09-29 23:58:25.225,114282.8,0.001,BTCUSDT
2025-09-29 23:58:25.225,114282.7,0.001,BTCUSDT
2025-09-29 23:58:25.225,114282.7,0.001,BTCUSDT
2025-09-29 23:58:25.225,114282.7,1.313,BTCUSDT
2025-09-29 23:58:25.225,114282.7,1.313,BTCUSDT
2025-09-29 23:58:25.225,114282.7,0.032,BTCUSDT
2025-09-29 23:58:25.225,114282.6,0.394,BTCUSDT
2025-09-29 23:58:25.226,114282.5,0.002,BTCUSDT
2025-09-29 23:58:25.226,114282.4,0.471,BTCUSDT
2025-09-29 23:58:25.226,114282.3,0.001,BTCUSDT
2025-09-29 23:58:25.226,114282.3,0.001,BTCUSDT
2025-09-29 23:58:25.226,114282.2,0.001,BTCUSDT
2025-09-29 23:58:25.226,114282.1,0.018,BTCUSDT
2025-09-29 23:58:25.226,114282.0,0.001,BTCUSDT
2025-09-29 23:58:25.226,114282.0,0.001,BTCUSDT
2025-09-29 23:58:25.226,114282.0,0.021,BTCUSDT
2025-09-29 23:58:25.226,114282.0,0.359,BTCUSDT
2025-09-29 23:58:25.226,114282.0,0.343,BTCUSDT
2025-09-29 23:58:25.226,114281.9,0.025,BTCUSDT
2025-09-29 23:58:25.226,114281.8,0.002,BTCUSDT
2025-09-29 23:58:25.226,114281.7,0.002,BTCUSDT
2025-09-29 23:58:25.226,114281.7,0.002,BTCUSDT
2025-09-29 23:58:25.226,114281.6,0.137,BTCUSDT
2025-09-29 23:58:25.226,114281.5,1.485,BTCUSDT
2025-09-29 23:58:25.226,114281.4,0.001,BTCUSDT
2025-09-29 23:58:25.226,114281.1,0.002,BTCUSDT
2025-09-29 23:58:25.226,114281.1,0.001,BTCUSDT
2025-09-29 23:58:25.226,114280.8,0.001,BTCUSDT
2025-09-29 23:58:25.226,114280.6,0.002,BTCUSDT
2025-09-29 23:58:25.226,114280.6,0.001,BTCUSDT
2025-09-29 23:58:25.226,114280.6,0.002,BTCUSDT
2025-09-29 23:58:25.226,114280.6,0.002,BTCUSDT
2025-09-29 23:58:25.226,114280.5,0.032,BTCUSDT
2025-09-29 23:58:25.226,114280.4,0.525,BTCUSDT
2025-09-29 23:58:25.226,114280.4,0.001,BTCUSDT
2025-09-29 23:58:25.226,114280.3,0.006,BTCUSDT
2025-09-29 23:58:25.226,114280.2,0.967,BTCUSDT
2025-09-29 23:58:25.226,114280.2,0.001,BTCUSDT
2025-09-29 23:58:25.226,114280.0,0.001,BTCUSDT
2025-09-29 23:58:25.226,114280.0,0.56,BTCUSDT
2025-09-29 23:58:25.226,114279.8,0.262,BTCUSDT
2025-09-29 23:58:25.226,114279.7,0.014,BTCUSDT
2025-09-29 23:58:25.226,114279.5,0.002,BTCUSDT
2025-09-29 23:58:25.226,114279.5,0.002,BTCUSDT
2025-09-29 23:58:25.226,114279.5,0.395,BTCUSDT
2025-09-29 23:58:25.226,114279.4,0.009,BTCUSDT
2025-09-29 23:58:25.226,114279.4,0.002,BTCUSDT
2025-09-29 23:58:25.226,114279.3,0.001,BTCUSDT
2025-09-29 23:58:25.226,114279.3,0.184,BTCUSDT
2025-09-29 23:58:25.226,114279.3,1.225,BTCUSDT
2025-09-29 23:58:25.226,114279.3,0.016,BTCUSDT
2025-09-29 23:58:25.226,114279.2,0.018,BTCUSDT
2025-09-29 23:58:25.226,114279.2,0.002,BTCUSDT
2025-09-29 23:58:25.226,114279.2,0.367,BTCUSDT
2025-09-29 23:58:25.226,114279.2,0.915,BTCUSDT
2025-09-29 23:58:25.226,114279.1,0.001,BTCUSDT
2025-09-29 23:58:25.226,114279.1,0.001,BTCUSDT
2025-09-29 23:58:25.226,114279.0,0.001,BTCUSDT
2025-09-29 23:58:25.226,114279.0,0.001,BTCUSDT
2025-09-29 23:58:25.226,114279.0,0.001,BTCUSDT
2025-09-29 23:58:25.226,114279.0,0.002,BTCUSDT
2025-09-29 23:58:25.226,114279.0,0.04,BTCUSDT
2025-09-29 23:58:25.226,114278.9,0.002,BTCUSDT
2025-09-29 23:58:25.226,114278.9,0.001,BTCUSDT
2025-09-29 23:58:25.226,114278.8,0.005,BTCUSDT
2025-09-29 23:58:25.226,114278.6,0.001,BTCUSDT
2025-09-29 23:58:25.226,114278.6,0.111,BTCUSDT
2025-09-29 23:58:25.226,114278.5,0.001,BTCUSDT
2025-09-29 23:58:25.226,114278.4,0.002,BTCUSDT
2025-09-29 23:58:25.226,114278.4,0.001,BTCUSDT
2025-09-29 23:58:25.226,114278.2,0.002,BTCUSDT
2025-09-29 23:58:25.226,114278.1,0.024,BTCUSDT
2025-09-29 23:58:25.226,114278.0,0.35,BTCUSDT
2025-09-29 23:58:25.226,114277.8,0.001,BTCUSDT
2025-09-29 23:58:25.226,114277.8,0.017,BTCUSDT
2025-09-29 23:58:25.226,114277.8,0.001,BTCUSDT
2025-09-29 23:58:25.226,114277.3,0.002,BTCUSDT
2025-09-29 23:58:25.226,114277.2,0.002,BTCUSDT
2025-09-29 23:58:25.226,114277.2,0.002,BTCUSDT
2025-09-29 23:58:25.226,114277.0,0.04,BTCUSDT
2025-09-29 23:58:25.226,114276.8,0.004,BTCUSDT
2025-09-29 23:58:25.226,114276.7,0.037,BTCUSDT
2025-09-29 23:58:25.226,114276.7,0.028,BTCUSDT
2025-09-29 23:58:25.226,114276.7,0.04,BTCUSDT
2025-09-29 23:58:25.226,114276.6,0.001,BTCUSDT
2025-09-29 23:58:25.226,114276.6,0.461,BTCUSDT
2025-09-29 23:58:25.226,114276.6,0.086,BTCUSDT
2025-09-29 23:58:25.226,114276.4,0.001,BTCUSDT
2025-09-29 23:58:25.226,114276.4,0.156,BTCUSDT
2025-09-29 23:58:25.226,114276.3,0.001,BTCUSDT
2025-09-29 23:58:25.226,114276.2,0.027,BTCUSDT
2025-09-29 23:58:25.226,114276.1,0.002,BTCUSDT
2025-09-29 23:58:25.226,114276.0,0.359,BTCUSDT
2025-09-29 23:58:25.226,114275.9,0.001,BTCUSDT
2025-09-29 23:58:25.226,114275.7,0.001,BTCUSDT
2025-09-29 23:58:25.226,114275.6,0.002,BTCUSDT
2025-09-29 23:58:25.226,114275.5,0.001,BTCUSDT
2025-09-29 23:58:25.226,114275.5,0.184,BTCUSDT
2025-09-29 23:58:25.226,114275.4,0.024,BTCUSDT
2025-09-29 23:58:25.226,114275.4,0.002,BTCUSDT
2025-09-29 23:58:25.226,114275.3,0.067,BTCUSDT
2025-09-29 23:58:25.226,114275.3,0.012,BTCUSDT
2025-09-29 23:58:25.226,114275.2,0.013,BTCUSDT
2025-09-29 23:58:25.226,114275.2,0.048,BTCUSDT
2025-09-29 23:58:25.226,114275.2,0.281,BTCUSDT
2025-09-29 23:58:25.226,114275.2,0.087,BTCUSDT
2025-09-29 23:58:25.226,114275.0,0.001,BTCUSDT
2025-09-29 23:58:25.226,114275.0,0.002,BTCUSDT
2025-09-29 23:58:25.226,114275.0,0.018,BTCUSDT
2025-09-29 23:58:25.226,114275.0,0.972,BTCUSDT
2025-09-29 23:58:25.226,114274.9,0.003,BTCUSDT
2025-09-29 23:58:25.226,114274.9,0.001,BTCUSDT
2025-09-29 23:58:25.226,114274.9,0.001,BTCUSDT
2025-09-29 23:58:25.226,114274.9,0.002,BTCUSDT
2025-09-29 23:58:25.226,114274.8,0.028,BTCUSDT
2025-09-29 23:58:25.226,114274.8,0.001,BTCUSDT
2025-09-29 23:58:25.226,114274.7,0.002,BTCUSDT
2025-09-29 23:58:25.226,114274.7,0.001,BTCUSDT
2025-09-29 23:58:25.226,114274.6,1.225,BTCUSDT
2025-09-29 23:58:25.226,114274.6,0.007,BTCUSDT
2025-09-29 23:58:25.226,114274.6,0.525,BTCUSDT
2025-09-29 23:58:25.226,114274.5,0.012,BTCUSDT
2025-09-29 23:58:25.226,114274.5,0.086,BTCUSDT
2025-09-29 23:58:25.226,114274.5,0.006,BTCUSDT
2025-09-29 23:58:25.226,114274.2,0.016,BTCUSDT
2025-09-29 23:58:25.226,114274.1,0.001,BTCUSDT
2025-09-29 23:58:25.226,114274.1,0.001,BTCUSDT
2025-09-29 23:58:25.226,114274.0,0.002,BTCUSDT
2025-09-29 23:58:25.226,114274.0,0.002,BTCUSDT
2025-09-29 23:58:25.226,114274.0,0.005,BTCUSDT
2025-09-29 23:58:25.226,114273.9,0.002,BTCUSDT
2025-09-29 23:58:25.226,114273.9,0.009,BTCUSDT
2025-09-29 23:58:25.231,114273.9,0.001,BTCUSDT
2025-09-29 23:58:25.234,114288.3,0.001,BTCUSDT
2025-09-29 23:58:25.234,114288.3,0.001,BTCUSDT
2025-09-29 23:58:25.237,114288.3,0.001,BTCUSDT
2025-09-29 23:58:25.238,114288.3,0.001,BTCUSDT
2025-09-29 23:58:25.270,114288.9,0.001,BTCUSDT
2025-09-29 23:58:25.285,114289.0,0.005,BTCUSDT
2025-09-29 23:58:25.299,114288.9,0.001,BTCUSDT
2025-09-29 23:58:25.299,114288.9,0.079,BTCUSDT
2025-09-29 23:58:25.299,114288.9,0.027,BTCUSDT
2025-09-29 23:58:25.305,114288.9,0.052,BTCUSDT
2025-09-29 23:58:25.306,114288.9,0.001,BTCUSDT
2025-09-29 23:58:25.309,114288.9,0.001,BTCUSDT
2025-09-29 23:58:25.309,114288.9,0.001,BTCUSDT
2025-09-29 23:58:25.309,114288.9,0.001,BTCUSDT
2025-09-29 23:58:25.309,114288.9,0.001,BTCUSDT
2025-09-29 23:58:25.309,114288.9,0.001,BTCUSDT
2025-09-29 23:58:25.309,114288.9,0.001,BTCUSDT
2025-09-29 23:58:25.309,114288.9,0.649,BTCUSDT
2025-09-29 23:58:25.309,114288.9,0.001,BTCUSDT
2025-09-29 23:58:25.309,114288.9,0.001,BTCUSDT
2025-09-29 23:58:25.309,114288.9,0.001,BTCUSDT
2025-09-29 23:58:25.309,114288.9,0.367,BTCUSDT
2025-09-29 23:58:25.309,114288.9,0.001,BTCUSDT
2025-09-29 23:58:25.309,114288.9,0.001,BTCUSDT
2025-09-29 23:58:25.309,114288.9,0.001,BTCUSDT
2025-09-29 23:58:25.309,114288.9,0.001,BTCUSDT
2025-09-29 23:58:25.309,114288.9,0.001,BTCUSDT
2025-09-29 23:58:25.309,114288.9,1.0,BTCUSDT
2025-09-29 23:58:25.309,114288.9,0.001,BTCUSDT
2025-09-29 23:58:25.309,114288.4,0.266,BTCUSDT
2025-09-29 23:58:25.309,114288.4,0.087,BTCUSDT
2025-09-29 23:58:25.309,114288.3,0.001,BTCUSDT
2025-09-29 23:58:25.309,114288.3,0.001,BTCUSDT
2025-09-29 23:58:25.309,114288.3,0.001,BTCUSDT
2025-09-29 23:58:25.309,114288.3,0.001,BTCUSDT
2025-09-29 23:58:25.309,114288.3,0.001,BTCUSDT
2025-09-29 23:58:25.309,114288.3,0.001,BTCUSDT
2025-09-29 23:58:25.309,114288.3,0.001,BTCUSDT
2025-09-29 23:58:25.309,114288.3,0.001,BTCUSDT
2025-09-29 23:58:25.309,114288.3,0.001,BTCUSDT
2025-09-29 23:58:25.309,114288.3,0.001,BTCUSDT
2025-09-29 23:58:25.309,114288.3,0.701,BTCUSDT
2025-09-29 23:58:25.309,114288.3,0.623,BTCUSDT
2025-09-29 23:58:25.309,114288.3,0.087,BTCUSDT
2025-09-29 23:58:25.309,114288.3,0.002,BTCUSDT
2025-09-29 23:58:25.309,114288.3,0.087,BTCUSDT
2025-09-29 23:58:25.309,114288.3,0.087,BTCUSDT
2025-09-29 23:58:25.309,114288.3,0.087,BTCUSDT
2025-09-29 23:58:25.309,114288.2,0.174,BTCUSDT
2025-09-29 23:58:25.309,114288.1,0.174,BTCUSDT
2025-09-29 23:58:25.309,114287.8,0.174,BTCUSDT
2025-09-29 23:58:25.309,114287.7,0.002,BTCUSDT
2025-09-29 23:58:25.309,114287.6,0.174,BTCUSDT
2025-09-29 23:58:25.309,114287.6,0.174,BTCUSDT
2025-09-29 23:58:25.309,114287.5,0.174,BTCUSDT
2025-09-29 23:58:25.309,114287.4,0.174,BTCUSDT
2025-09-29 23:58:25.309,114286.7,0.008,BTCUSDT
2025-09-29 23:58:25.309,114286.7,0.065,BTCUSDT
2025-09-29 23:58:25.309,114286.5,0.002,BTCUSDT
2025-09-29 23:58:25.309,114286.3,0.002,BTCUSDT
2025-09-29 23:58:25.309,114286.3,0.174,BTCUSDT
2025-09-29 23:58:25.309,114286.2,0.174,BTCUSDT
2025-09-29 23:58:25.309,114285.9,0.002,BTCUSDT
2025-09-29 23:58:25.309,114285.3,0.002,BTCUSDT
2025-09-29 23:58:25.309,114284.7,0.002,BTCUSDT
2025-09-29 23:58:25.309,114284.1,0.001,BTCUSDT
2025-09-29 23:58:25.309,114283.3,0.088,BTCUSDT
2025-09-29 23:58:25.309,114283.0,0.001,BTCUSDT
2025-09-29 23:58:25.309,114282.9,0.002,BTCUSDT
2025-09-29 23:58:25.309,114282.7,0.001,BTCUSDT
2025-09-29 23:58:25.309,114282.3,0.002,BTCUSDT
2025-09-29 23:58:25.315,114289.0,0.005,BTCUSDT
2025-09-29 23:58:25.315,114288.4,0.001,BTCUSDT
2025-09-29 23:58:25.321,114288.4,0.005,BTCUSDT
2025-09-29 23:58:25.331,114289.0,0.901,BTCUSDT
2025-09-29 23:58:25.331,114289.0,0.001,BTCUSDT
2025-09-29 23:58:25.331,114289.0,0.613,BTCUSDT
2025-09-29 23:58:25.331,114289.0,0.125,BTCUSDT
2025-09-29 23:58:25.331,114289.0,0.001,BTCUSDT
2025-09-29 23:58:25.331,114289.0,0.001,BTCUSDT
2025-09-29 23:58:25.331,114289.0,0.278,BTCUSDT
2025-09-29 23:58:25.331,114289.0,0.61,BTCUSDT
2025-09-29 23:58:25.331,114289.0,0.001,BTCUSDT
2025-09-29 23:58:25.331,114289.0,0.61,BTCUSDT
2025-09-29 23:58:25.331,114289.0,0.001,BTCUSDT
2025-09-29 23:58:25.331,114289.0,0.61,BTCUSDT
2025-09-29 23:58:25.331,114289.0,0.001,BTCUSDT
2025-09-29 23:58:25.331,114289.0,0.001,BTCUSDT
2025-09-29 23:58:25.331,114289.0,0.001,BTCUSDT
2025-09-29 23:58:25.331,114289.0,0.647,BTCUSDT
2025-09-29 23:58:25.331,114289.0,0.001,BTCUSDT
2025-09-29 23:58:25.331,114289.0,0.278,BTCUSDT
2025-09-29 23:58:25.331,114289.0,0.5,BTCUSDT
2025-09-29 23:58:25.331,114289.0,0.613,BTCUSDT
2025-09-29 23:58:25.331,114289.0,0.564,BTCUSDT
2025-09-29 23:58:25.331,114289.0,0.137,BTCUSDT
2025-09-29 23:58:25.335,114288.5,0.013,BTCUSDT
2025-09-29 23:58:25.355,114288.5,0.002,BTCUSDT
2025-09-29 23:58:25.358,114288.5,0.002,BTCUSDT
2025-09-29 23:58:25.362,114288.5,0.04,BTCUSDT
2025-09-29 23:58:25.362,114288.5,0.04,BTCUSDT
2025-09-29 23:58:25.369,114288.5,0.077,BTCUSDT
2025-09-29 23:58:25.369,114288.5,0.001,BTCUSDT
2025-09-29 23:58:25.372,114288.5,0.002,BTCUSDT
2025-09-29 23:58:25.391,114288.8,0.04,BTCUSDT
2025-09-29 23:58:25.392,114288.8,0.08,BTCUSDT
2025-09-29 23:58:25.392,114288.8,0.011,BTCUSDT
2025-09-29 23:58:25.392,114288.8,0.029,BTCUSDT
2025-09-29 23:58:25.394,114288.8,0.001,BTCUSDT
2025-09-29 23:58:25.401,114288.8,0.004,BTCUSDT
2025-09-29 23:58:25.414,114288.8,0.001,BTCUSDT
2025-09-29 23:58:25.418,114288.8,0.264,BTCUSDT
2025-09-29 23:58:25.418,114288.8,0.056,BTCUSDT
2025-09-29 23:58:25.419,114288.8,0.003,BTCUSDT
2025-09-29 23:58:25.426,114288.8,0.027,BTCUSDT
2025-09-29 23:58:25.452,114288.8,0.001,BTCUSDT
2025-09-29 23:58:25.452,114288.8,0.017,BTCUSDT
2025-09-29 23:58:25.466,114288.8,0.123,BTCUSDT
2025-09-29 23:58:25.466,114288.8,0.001,BTCUSDT
2025-09-29 23:58:25.466,114288.8,0.065,BTCUSDT
2025-09-29 23:58:25.466,114288.8,0.207,BTCUSDT
2025-09-29 23:58:25.466,114288.8,0.034,BTCUSDT
2025-09-29 23:58:25.466,114288.6,0.031,BTCUSDT
2025-09-29 23:58:25.466,114288.5,0.001,BTCUSDT
2025-09-29 23:58:25.466,114288.5,0.17,BTCUSDT
2025-09-29 23:58:25.466,114288.5,0.001,BTCUSDT
2025-09-29 23:58:25.466,114288.5,0.232,BTCUSDT
2025-09-29 23:58:25.474,114288.5,0.001,BTCUSDT
2025-09-29 23:58:25.474,114288.5,0.001,BTCUSDT
2025-09-29 23:58:25.474,114288.4,0.001,BTCUSDT
2025-09-29 23:58:25.474,114288.4,0.001,BTCUSDT
2025-09-29 23:58:25.474,114288.4,0.209,BTCUSDT
2025-09-29 23:58:25.474,114288.4,0.001,BTCUSDT
2025-09-29 23:58:25.474,114288.3,0.004,BTCUSDT
2025-09-29 23:58:25.474,114288.3,0.01,BTCUSDT
2025-09-29 23:58:25.474,114288.2,0.002,BTCUSDT
2025-09-29 23:58:25.477,114287.9,0.174,BTCUSDT
2025-09-29 23:58:25.477,114287.8,0.152,BTCUSDT
2025-09-29 23:58:25.486,114287.8,0.001,BTCUSDT
2025-09-29 23:58:25.486,114287.8,0.692,BTCUSDT
2025-09-29 23:58:25.487,114287.8,0.066,BTCUSDT
2025-09-29 23:58:25.501,114287.8,0.027,BTCUSDT
2025-09-29 23:58:25.503,114287.8,0.04,BTCUSDT
2025-09-29 23:58:25.508,114287.8,0.027,BTCUSDT
2025-09-29 23:58:25.513,114287.8,0.009,BTCUSDT
2025-09-29 23:58:25.518,114287.8,0.04,BTCUSDT
2025-09-29 23:58:25.519,114287.8,0.009,BTCUSDT
2025-09-29 23:58:25.522,114287.8,0.027,BTCUSDT
2025-09-29 23:58:25.525,114287.8,0.007,BTCUSDT
2025-09-29 23:58:25.525,114287.8,0.001,BTCUSDT
2025-09-29 23:58:25.525,114287.8,0.001,BTCUSDT
2025-09-29 23:58:25.525,114287.8,0.018,BTCUSDT
2025-09-29 23:58:25.528,114287.8,0.04,BTCUSDT
2025-09-29 23:58:25.528,114287.8,0.001,BTCUSDT
2025-09-29 23:58:25.528,114287.8,0.001,BTCUSDT
2025-09-29 23:58:25.528,114287.8,0.001,BTCUSDT
2025-09-29 23:58:25.528,114287.8,0.001,BTCUSDT
2025-09-29 23:58:25.528,114287.8,0.001,BTCUSDT
2025-09-29 23:58:25.528,114287.8,0.001,BTCUSDT
2025-09-29 23:58:25.528,114287.8,0.001,BTCUSDT
2025-09-29 23:58:25.528,114287.8,0.001,BTCUSDT
2025-09-29 23:58:25.528,114287.7,0.002,BTCUSDT
2025-09-29 23:58:25.528,114287.6,0.002,BTCUSDT
2025-09-29 23:58:25.528,114287.4,0.006,BTCUSDT
2025-09-29 23:58:25.528,114287.4,0.02,BTCUSDT
2025-09-29 23:58:25.530,114287.4,0.087,BTCUSDT
2025-09-29 23:58:25.552,114287.3,0.001,BTCUSDT
2025-09-29 23:58:25.552,114287.1,0.002,BTCUSDT
2025-09-29 23:58:25.553,114286.5,0.002,BTCUSDT
2025-09-29 23:58:25.553,114286.1,0.002,BTCUSDT
2025-09-29 23:58:25.553,114286.1,0.001,BTCUSDT
2025-09-29 23:58:25.621,114285.4,0.002,BTCUSDT
2025-09-29 23:58:25.621,114285.4,0.001,BTCUSDT
2025-09-29 23:58:25.621,114285.4,0.001,BTCUSDT
2025-09-29 23:58:25.621,114285.4,0.001,BTCUSDT
2025-09-29 23:58:25.621,114285.4,0.001,BTCUSDT
2025-09-29 23:58:25.621,114285.4,0.001,BTCUSDT
2025-09-29 23:58:25.621,114285.4,0.001,BTCUSDT
2025-09-29 23:58:25.622,114285.0,0.002,BTCUSDT
2025-09-29 23:58:25.622,114285.0,0.001,BTCUSDT
2025-09-29 23:58:25.622,114284.8,0.002,BTCUSDT
2025-09-29 23:58:25.622,114284.5,0.041,BTCUSDT
2025-09-29 23:58:25.622,114284.5,0.024,BTCUSDT
2025-09-29 23:58:25.624,114284.4,0.001,BTCUSDT
2025-09-29 23:58:25.624,114284.1,0.002,BTCUSDT
2025-09-29 23:58:25.624,114284.0,0.002,BTCUSDT
2025-09-29 23:58:25.672,114283.5,0.002,BTCUSDT
2025-09-29 23:58:25.672,114283.5,0.001,BTCUSDT
2025-09-29 23:58:25.672,114283.5,0.001,BTCUSDT
2025-09-29 23:58:25.672,114283.3,0.087,BTCUSDT
2025-09-29 23:58:25.672,114283.0,0.001,BTCUSDT
2025-09-29 23:58:25.672,114282.9,0.002,BTCUSDT
2025-09-29 23:58:25.672,114282.9,0.002,BTCUSDT
2025-09-29 23:58:25.672,114282.9,0.001,BTCUSDT
2025-09-29 23:58:25.675,114282.3,0.002,BTCUSDT
2025-09-29 23:58:25.675,114281.9,0.002,BTCUSDT
2025-09-29 23:58:25.675,114281.7,0.002,BTCUSDT
2025-09-29 23:58:25.675,114281.7,0.022,BTCUSDT
2025-09-29 23:58:25.675,114281.5,0.002,BTCUSDT
2025-09-29 23:58:25.675,114281.1,0.002,BTCUSDT
2025-09-29 23:58:25.675,114281.1,0.002,BTCUSDT
2025-09-29 23:58:25.689,114280.5,0.002,BTCUSDT
2025-09-29 23:58:25.689,114280.5,0.002,BTCUSDT
2025-09-29 23:58:25.689,114280.5,0.001,BTCUSDT
2025-09-29 23:58:25.689,114280.5,0.001,BTCUSDT
2025-09-29 23:58:25.689,114280.5,0.001,BTCUSDT
2025-09-29 23:58:25.689,114280.5,0.001,BTCUSDT
2025-09-29 23:58:25.689,114280.5,0.001,BTCUSDT
2025-09-29 23:58:25.689,114280.2,0.001,BTCUSDT
2025-09-29 23:58:25.689,114280.0,0.001,BTCUSDT
2025-09-29 23:58:25.689,114280.0,0.002,BTCUSDT
2025-09-29 23:58:25.689,114280.0,0.001,BTCUSDT
2025-09-29 23:58:25.689,114279.9,0.002,BTCUSDT
2025-09-29 23:58:25.691,114279.4,0.001,BTCUSDT
2025-09-29 23:58:25.691,114279.3,0.001,BTCUSDT
2025-09-29 23:58:25.691,114279.3,0.002,BTCUSDT
2025-09-29 23:58:25.692,114280.6,0.001,BTCUSDT
2025-09-29 23:58:25.697,114279.0,0.087,BTCUSDT
2025-09-29 23:58:25.697,114278.7,0.002,BTCUSDT
2025-09-29 23:58:25.697,114278.1,0.002,BTCUSDT
2025-09-29 23:58:25.697,114277.8,0.065,BTCUSDT
2025-09-29 23:58:25.699,114280.6,0.005,BTCUSDT
2025-09-29 23:58:25.713,114280.6,0.003,BTCUSDT
2025-09-29 23:58:25.713,114280.6,0.003,BTCUSDT
2025-09-29 23:58:25.870,114278.1,0.002,BTCUSDT
2025-09-29 23:58:25.870,114278.1,0.031,BTCUSDT
2025-09-29 23:58:25.892,114278.1,0.005,BTCUSDT
2025-09-29 23:58:25.904,114278.1,0.004,BTCUSDT
2025-09-29 23:58:25.904,114278.1,0.021,BTCUSDT
2025-09-29 23:58:25.909,114278.1,0.003,BTCUSDT
2025-09-29 23:58:25.913,114278.1,0.016,BTCUSDT
2025-09-29 23:58:25.914,114278.1,0.001,BTCUSDT
2025-09-29 23:58:25.915,114278.1,0.001,BTCUSDT
2025-09-29 23:58:25.916,114278.1,0.003,BTCUSDT
2025-09-29 23:58:25.916,114278.1,0.003,BTCUSDT
2025-09-29 23:58:25.916,114278.1,0.01,BTCUSDT
2025-09-29 23:58:25.917,114278.1,0.001,BTCUSDT
2025-09-29 23:58:25.918,114278.1,0.004,BTCUSDT
2025-09-29 23:58:25.918,114278.1,0.009,BTCUSDT
2025-09-29 23:58:25.921,114278.1,0.008,BTCUSDT
2025-09-29 23:58:25.942,114278.1,0.014,BTCUSDT
2025-09-29 23:58:25.951,114278.1,0.005,BTCUSDT
2025-09-29 23:58:25.952,114278.1,0.002,BTCUSDT
2025-09-29 23:58:25.952,114278.1,0.012,BTCUSDT
2025-09-29 23:58:25.953,114278.1,0.036,BTCUSDT
2025-09-29 23:58:25.953,114278.1,0.007,BTCUSDT
2025-09-29 23:58:25.954,114278.1,0.012,BTCUSDT
2025-09-29 23:58:25.954,114278.1,0.027,BTCUSDT
2025-09-29 23:58:25.954,114278.1,0.002,BTCUSDT
2025-09-29 23:58:25.955,114278.1,0.007,BTCUSDT
2025-09-29 23:58:25.956,114278.1,0.006,BTCUSDT
2025-09-29 23:58:25.959,114278.1,0.018,BTCUSDT
2025-09-29 23:58:25.959,114278.1,0.003,BTCUSDT
2025-09-29 23:58:25.960,114278.1,0.004,BTCUSDT
2025-09-29 23:58:25.960,114278.1,0.004,BTCUSDT
2025-09-29 23:58:25.962,114278.1,0.166,BTCUSDT
2025-09-29 23:58:25.962,114278.1,0.001,BTCUSDT
2025-09-29 23:58:25.962,114278.1,0.001,BTCUSDT
2025-09-29 23:58:25.962,114278.1,0.001,BTCUSDT
2025-09-29 23:58:25.962,114278.1,0.001,BTCUSDT
2025-09-29 23:58:25.962,114278.1,0.001,BTCUSDT
2025-09-29 23:58:25.962,114278.1,0.001,BTCUSDT
2025-09-29 23:58:25.972,114277.9,0.001,BTCUSDT
2025-09-29 23:58:25.972,114277.9,0.001,BTCUSDT
2025-09-29 23:58:25.972,114277.9,0.001,BTCUSDT
2025-09-29 23:58:25.972,114277.9,0.001,BTCUSDT
2025-09-29 23:58:25.972,114277.9,0.001,BTCUSDT
2025-09-29 23:58:25.972,114277.9,0.001,BTCUSDT
2025-09-29 23:58:25.972,114277.9,0.001,BTCUSDT
2025-09-29 23:58:25.972,114277.9,0.001,BTCUSDT
2025-09-29 23:58:25.972,114277.9,0.001,BTCUSDT
2025-09-29 23:58:25.972,114277.9,0.001,BTCUSDT
2025-09-29 23:58:25.972,114277.9,0.001,BTCUSDT
2025-09-29 23:58:25.972,114277.9,0.001,BTCUSDT
2025-09-29 23:58:25.972,114277.9,0.001,BTCUSDT
2025-09-29 23:58:25.972,114277.9,0.001,BTCUSDT
2025-09-29 23:58:25.972,114277.9,0.001,BTCUSDT
2025-09-29 23:58:25.972,114277.9,0.001,BTCUSDT
2025-09-29 23:58:25.972,114277.9,0.001,BTCUSDT
2025-09-29 23:58:25.972,114277.9,0.001,BTCUSDT
2025-09-29 23:58:25.972,114277.9,0.001,BTCUSDT
2025-09-29 23:58:25.972,114277.9,0.001,BTCUSDT
2025-09-29 23:58:25.972,114277.9,0.001,BTCUSDT
2025-09-29 23:58:25.972,114277.9,0.001,BTCUSDT
2025-09-29 23:58:25.972,114277.9,0.001,BTCUSDT
2025-09-29 23:58:25.988,114277.9,0.001,BTCUSDT
2025-09-29 23:58:25.988,114277.9,0.001,BTCUSDT
2025-09-29 23:58:25.988,114277.9,0.001,BTCUSDT
2025-09-29 23:58:25.989,114277.9,0.001,BTCUSDT
2025-09-29 23:58:25.989,114277.9,0.001,BTCUSDT
2025-09-29 23:58:26.013,114278.0,0.001,BTCUSDT
2025-09-29 23:58:26.013,114278.0,0.049,BTCUSDT
2025-09-29 23:58:26.038,114277.9,0.001,BTCUSDT
2025-09-29 23:58:26.038,114277.9,0.003,BTCUSDT
2025-09-29 23:58:26.038,114277.9,0.001,BTCUSDT
2025-09-29 23:58:26.038,114277.9,0.001,BTCUSDT
2025-09-29 23:58:26.038,114277.9,0.016,BTCUSDT
2025-09-29 23:58:26.038,114277.9,0.001,BTCUSDT
2025-09-29 23:58:26.038,114277.9,0.002,BTCUSDT
2025-09-29 23:58:26.038,114277.9,0.002,BTCUSDT
2025-09-29 23:58:26.038,114277.9,0.044,BTCUSDT
2025-09-29 23:58:26.048,114277.9,0.043,BTCUSDT
2025-09-29 23:58:26.048,114277.9,0.001,BTCUSDT
2025-09-29 23:58:26.048,114277.9,0.021,BTCUSDT
2025-09-29 23:58:26.063,114277.9,0.023,BTCUSDT
2025-09-29 23:58:26.076,114277.9,0.043,BTCUSDT
2025-09-29 23:58:26.076,114277.9,0.087,BTCUSDT
2025-09-29 23:58:26.076,114277.9,0.087,BTCUSDT
2025-09-29 23:58:26.076,114277.9,0.002,BTCUSDT
2025-09-29 23:58:26.076,114277.8,0.001,BTCUSDT
2025-09-29 23:58:26.076,114277.8,0.001,BTCUSDT
2025-09-29 23:58:26.083,114277.5,0.002,BTCUSDT
2025-09-29 23:58:26.083,114277.5,0.017,BTCUSDT
2025-09-29 23:58:26.083,114277.4,0.027,BTCUSDT
2025-09-29 23:58:26.083,114276.9,0.002,BTCUSDT
2025-09-29 23:58:26.083,114276.4,0.002,BTCUSDT
2025-09-29 23:58:26.083,114276.3,0.002,BTCUSDT
2025-09-29 23:58:26.083,114276.1,0.002,BTCUSDT
2025-09-29 23:58:26.083,114276.0,0.002,BTCUSDT
2025-09-29 23:58:26.083,114275.9,0.001,BTCUSDT
2025-09-29 23:58:26.084,114275.7,0.002,BTCUSDT
2025-09-29 23:58:26.084,114275.6,0.001,BTCUSDT
2025-09-29 23:58:26.111,114275.1,0.001,BTCUSDT
2025-09-29 23:58:26.125,114275.1,0.001,BTCUSDT
2025-09-29 23:58:26.125,114275.1,0.169,BTCUSDT
2025-09-29 23:58:26.125,114275.1,0.17,BTCUSDT
2025-09-29 23:58:26.177,114275.1,0.003,BTCUSDT
2025-09-29 23:58:26.215,114275.1,0.027,BTCUSDT
2025-09-29 23:58:26.279,114275.2,0.001,BTCUSDT
2025-09-29 23:58:26.791,114275.2,0.001,BTCUSDT
2025-09-29 23:58:26.983,114275.2,0.052,BTCUSDT
2025-09-29 23:58:27.015,114275.1,0.023,BTCUSDT
2025-09-29 23:58:27.070,114275.2,0.006,BTCUSDT
2025-09-29 23:58:27.149,114275.2,0.006,BTCUSDT
2025-09-29 23:58:27.272,114275.2,0.027,BTCUSDT
2025-09-29 23:58:27.305,114275.1,0.005,BTCUSDT
2025-09-29 23:58:27.611,114275.2,0.048,BTCUSDT
2025-09-29 23:58:27.942,114275.2,0.053,BTCUSDT
2025-09-29 23:58:27.995,114275.1,0.002,BTCUSDT
2025-09-29 23:58:28.271,114275.1,0.001,BTCUSDT
2025-09-29 23:58:28.372,114275.1,0.001,BTCUSDT
2025-09-29 23:58:28.721,114275.2,0.001,BTCUSDT
2025-09-29 23:58:28.913,114275.2,0.055,BTCUSDT
2025-09-29 23:58:29.201,114275.1,0.003,BTCUSDT
2025-09-29 23:58:29.201,114275.1,0.002,BTCUSDT
2025-09-29 23:58:29.201,114275.1,0.001,BTCUSDT
2025-09-29 23:58:29.201,114275.1,0.087,BTCUSDT
2025-09-29 23:58:29.201,114275.1,0.076,BTCUSDT
2025-09-29 23:58:29.201,114275.1,0.069,BTCUSDT
2025-09-29 23:58:29.201,114275.1,0.018,BTCUSDT
2025-09-29 23:58:29.201,114275.1,0.087,BTCUSDT
2025-09-29 23:58:29.201,114275.1,0.004,BTCUSDT
2025-09-29 23:58:29.201,114275.1,0.002,BTCUSDT
2025-09-29 23:58:29.201,114275.1,0.001,BTCUSDT
2025-09-29 23:58:29.201,114275.1,0.002,BTCUSDT
2025-09-29 23:58:29.203,114275.0,0.001,BTCUSDT
2025-09-29 23:58:29.203,114275.0,0.001,BTCUSDT
2025-09-29 23:58:29.203,114275.0,0.002,BTCUSDT
2025-09-29 23:58:29.203,114275.0,0.001,BTCUSDT
2025-09-29 23:58:29.203,114275.0,0.003,BTCUSDT
2025-09-29 23:58:29.203,114275.0,0.001,BTCUSDT
2025-09-29 23:58:29.203,114274.9,0.002,BTCUSDT
2025-09-29 23:58:29.203,114274.8,0.001,BTCUSDT
2025-09-29 23:58:29.203,114274.5,0.002,BTCUSDT
2025-09-29 23:58:29.204,114273.9,0.003,BTCUSDT
2025-09-29 23:58:29.204,114273.9,0.014,BTCUSDT
2025-09-29 23:58:29.204,114273.9,0.011,BTCUSDT
2025-09-29 23:58:29.206,114273.9,0.021,BTCUSDT
2025-09-29 23:58:29.206,114273.9,0.004,BTCUSDT
2025-09-29 23:58:29.206,114273.9,0.002,BTCUSDT
2025-09-29 23:58:29.206,114273.8,0.001,BTCUSDT
2025-09-29 23:58:29.206,114273.8,0.006,BTCUSDT
2025-09-29 23:58:29.206,114273.7,0.002,BTCUSDT
2025-09-29 23:58:29.206,114273.7,0.002,BTCUSDT
2025-09-29 23:58:29.206,114273.3,0.002,BTCUSDT
2025-09-29 23:58:29.206,114273.2,0.002,BTCUSDT
2025-09-29 23:58:29.206,114272.9,0.039,BTCUSDT
2025-09-29 23:58:29.206,114272.7,0.018,BTCUSDT
2025-09-29 23:58:29.206,114272.7,0.002,BTCUSDT
2025-09-29 23:58:29.206,114272.6,0.001,BTCUSDT
2025-09-29 23:58:29.206,114272.6,0.001,BTCUSDT
2025-09-29 23:58:29.206,114272.6,0.002,BTCUSDT
2025-09-29 23:58:29.206,114272.6,0.002,BTCUSDT
2025-09-29 23:58:29.206,114272.5,0.001,BTCUSDT
2025-09-29 23:58:29.206,114272.4,0.018,BTCUSDT
2025-09-29 23:58:29.206,114272.1,0.002,BTCUSDT
2025-09-29 23:58:29.206,114272.1,0.002,BTCUSDT
2025-09-29 23:58:29.206,114271.7,0.043,BTCUSDT
2025-09-29 23:58:29.219,114271.6,0.012,BTCUSDT
2025-09-29 23:58:29.219,114271.6,0.049,BTCUSDT
2025-09-29 23:58:29.219,114271.6,0.001,BTCUSDT
2025-09-29 23:58:29.219,114271.6,0.001,BTCUSDT
2025-09-29 23:58:29.219,114271.6,0.022,BTCUSDT
2025-09-29 23:58:29.239,114271.6,0.001,BTCUSDT
2025-09-29 23:58:29.239,114271.6,0.003,BTCUSDT
2025-09-29 23:58:29.239,114271.5,0.012,BTCUSDT
2025-09-29 23:58:29.239,114271.5,0.002,BTCUSDT
2025-09-29 23:58:29.239,114271.5,0.001,BTCUSDT
2025-09-29 23:58:29.239,114271.5,0.001,BTCUSDT
2025-09-29 23:58:29.239,114271.4,0.002,BTCUSDT
2025-09-29 23:58:29.239,114271.4,0.002,BTCUSDT
2025-09-29 23:58:29.239,114271.2,0.001,BTCUSDT
2025-09-29 23:58:29.239,114271.2,0.048,BTCUSDT
2025-09-29 23:58:29.239,114270.9,0.002,BTCUSDT
2025-09-29 23:58:29.239,114270.9,0.002,BTCUSDT
2025-09-29 23:58:29.274,114270.9,0.009,BTCUSDT
2025-09-29 23:58:29.274,114270.8,0.003,BTCUSDT
2025-09-29 23:58:29.274,114270.8,0.023,BTCUSDT
2025-09-29 23:58:29.274,114270.8,0.001,BTCUSDT
2025-09-29 23:58:29.274,114270.7,0.018,BTCUSDT
2025-09-29 23:58:29.274,114270.5,0.018,BTCUSDT
2025-09-29 23:58:29.274,114270.5,0.001,BTCUSDT
2025-09-29 23:58:29.278,114270.4,0.012,BTCUSDT
2025-09-29 23:58:29.278,114270.4,0.01,BTCUSDT
2025-09-29 23:58:29.278,114270.3,0.002,BTCUSDT
2025-09-29 23:58:29.278,114270.3,0.002,BTCUSDT
2025-09-29 23:58:29.278,114270.3,0.002,BTCUSDT
2025-09-29 23:58:29.278,114270.1,0.012,BTCUSDT
2025-09-29 23:58:29.278,114270.0,0.001,BTCUSDT
2025-09-29 23:58:29.278,114270.0,0.002,BTCUSDT
2025-09-29 23:58:29.278,114270.0,0.001,BTCUSDT
2025-09-29 23:58:29.279,114269.7,0.001,BTCUSDT
2025-09-29 23:58:29.279,114269.7,0.002,BTCUSDT
2025-09-29 23:58:29.279,114269.7,0.001,BTCUSDT
2025-09-29 23:58:29.280,114269.7,0.178,BTCUSDT
2025-09-29 23:58:29.280,114269.7,0.977,BTCUSDT
2025-09-29 23:58:29.280,114269.7,0.556,BTCUSDT
2025-09-29 23:58:29.280,114269.7,0.5,BTCUSDT
2025-09-29 23:58:29.280,114269.7,0.965,BTCUSDT
2025-09-29 23:58:29.280,114269.7,0.2,BTCUSDT
2025-09-29 23:58:29.280,114269.7,0.5,BTCUSDT
2025-09-29 23:58:29.280,114269.7,0.975,BTCUSDT
2025-09-29 23:58:29.280,114269.7,0.973,BTCUSDT
2025-09-29 23:58:29.280,114269.7,0.5,BTCUSDT
2025-09-29 23:58:29.280,114269.7,0.979,BTCUSDT
2025-09-29 23:58:29.280,114269.7,0.936,BTCUSDT
2025-09-29 23:58:29.280,114269.7,0.5,BTCUSDT
2025-09-29 23:58:29.280,114269.7,0.993,BTCUSDT
2025-09-29 23:58:29.280,114269.7,0.114,BTCUSDT
2025-09-29 23:58:29.280,114269.7,1.665,BTCUSDT
2025-09-29 23:58:29.280,114269.7,0.5,BTCUSDT
2025-09-29 23:58:29.280,114269.7,0.948,BTCUSDT
2025-09-29 23:58:29.280,114269.7,0.5,BTCUSDT
2025-09-29 23:58:29.280,114269.7,0.5,BTCUSDT
2025-09-29 23:58:29.280,114269.7,2.332,BTCUSDT
2025-09-29 23:58:29.280,114269.7,0.5,BTCUSDT
2025-09-29 23:58:29.280,114269.7,0.653,BTCUSDT
2025-09-29 23:58:29.280,114269.7,0.356,BTCUSDT
2025-09-29 23:58:29.498,114269.6,0.023,BTCUSDT
2025-09-29 23:58:29.606,114269.6,0.005,BTCUSDT
2025-09-29 23:58:29.606,114269.6,0.006,BTCUSDT
2025-09-29 23:58:30.011,114269.7,0.057,BTCUSDT
2025-09-29 23:58:30.133,114269.7,0.257,BTCUSDT
2025-09-29 23:58:30.133,114269.7,0.634,BTCUSDT
2025-09-29 23:58:30.133,114269.7,0.498,BTCUSDT
2025-09-29 23:58:30.133,114269.7,1.311,BTCUSDT
2025-09-29 23:58:30.133,114269.7,0.533,BTCUSDT
2025-09-29 23:58:30.133,114269.7,1.191,BTCUSDT
2025-09-29 23:58:30.133,114269.7,0.177,BTCUSDT
2025-09-29 23:58:30.133,114269.7,1.042,BTCUSDT
2025-09-29 23:58:30.133,114269.7,0.05,BTCUSDT
2025-09-29 23:58:30.133,114269.7,0.5,BTCUSDT
2025-09-29 23:58:30.133,114269.7,0.125,BTCUSDT
2025-09-29 23:58:30.133,114269.7,0.2,BTCUSDT
2025-09-29 23:58:30.133,114269.7,0.933,BTCUSDT
2025-09-29 23:58:30.133,114269.7,0.323,BTCUSDT
2025-09-29 23:58:30.133,114269.7,2.332,BTCUSDT
2025-09-29 23:58:30.133,114269.7,0.237,BTCUSDT
2025-09-29 23:58:30.133,114269.7,0.443,BTCUSDT
2025-09-29 23:58:30.133,114269.7,0.207,BTCUSDT
2025-09-29 23:58:30.133,114269.7,0.007,BTCUSDT
2025-09-29 23:58:30.278,114269.6,1.194,BTCUSDT
2025-09-29 23:58:30.278,114269.6,0.207,BTCUSDT
2025-09-29 23:58:30.278,114269.6,0.028,BTCUSDT
2025-09-29 23:58:30.278,114269.6,0.177,BTCUSDT
2025-09-29 23:58:30.278,114269.6,0.053,BTCUSDT
2025-09-29 23:58:30.278,114269.6,1.191,BTCUSDT
2025-09-29 23:58:30.278,114269.6,0.323,BTCUSDT
2025-09-29 23:58:30.278,114269.6,0.541,BTCUSDT
2025-09-29 23:58:30.278,114269.6,0.237,BTCUSDT
2025-09-29 23:58:30.278,114269.6,0.276,BTCUSDT
2025-09-29 23:58:30.278,114269.6,0.25,BTCUSDT
2025-09-29 23:58:30.278,114269.6,0.15,BTCUSDT
2025-09-29 23:58:30.278,114269.6,0.15,BTCUSDT
2025-09-29 23:58:30.278,114269.6,0.648,BTCUSDT
2025-09-29 23:58:30.281,114269.6,0.202,BTCUSDT
2025-09-29 23:58:30.281,114269.6,0.652,BTCUSDT
2025-09-29 23:58:30.281,114269.6,0.027,BTCUSDT
2025-09-29 23:58:30.281,114269.6,0.001,BTCUSDT
2025-09-29 23:58:30.281,114269.6,0.092,BTCUSDT
2025-09-29 23:58:30.281,114269.6,0.087,BTCUSDT
2025-09-29 23:58:30.281,114269.6,0.061,BTCUSDT
2025-09-29 23:58:30.281,114269.6,0.087,BTCUSDT
2025-09-29 23:58:30.281,114269.6,0.087,BTCUSDT
2025-09-29 23:58:30.281,114269.6,0.001,BTCUSDT
2025-09-29 23:58:30.281,114269.6,0.004,BTCUSDT
2025-09-29 23:58:30.281,114269.6,0.001,BTCUSDT
2025-09-29 23:58:30.281,114269.6,0.003,BTCUSDT
2025-09-29 23:58:30.281,114269.6,0.242,BTCUSDT
2025-09-29 23:58:31.122,114269.7,0.003,BTCUSDT
2025-09-29 23:58:31.156,114269.7,0.059,BTCUSDT
2025-09-29 23:58:31.692,114269.6,0.001,BTCUSDT
2025-09-29 23:58:32.198,114269.7,0.017,BTCUSDT
2025-09-29 23:58:32.198,114269.7,0.007,BTCUSDT
2025-09-29 23:58:32.198,114269.7,0.001,BTCUSDT
2025-09-29 23:58:32.198,114269.7,0.001,BTCUSDT
2025-09-29 23:58:32.198,114269.7,0.004,BTCUSDT
2025-09-29 23:58:32.198,114269.7,0.005,BTCUSDT
2025-09-29 23:58:32.198,114269.7,0.026,BTCUSDT
2025-09-29 23:58:32.403,114269.7,0.03,BTCUSDT
2025-09-29 23:58:32.789,114269.7,0.17,BTCUSDT
2025-09-29 23:58:32.789,114269.7,0.003,BTCUSDT
2025-09-29 23:58:32.789,114269.7,0.308,BTCUSDT
2025-09-29 23:58:32.789,114269.7,0.001,BTCUSDT
2025-09-29 23:58:32.789,114269.7,0.003,BTCUSDT
2025-09-29 23:58:32.789,114269.7,0.001,BTCUSDT
2025-09-29 23:58:32.789,114269.7,0.001,BTCUSDT
2025-09-29 23:58:32.789,114269.7,0.017,BTCUSDT
2025-09-29 23:58:32.789,114269.7,0.018,BTCUSDT
2025-09-29 23:58:32.789,114269.7,0.001,BTCUSDT
2025-09-29 23:58:32.789,114269.7,0.006,BTCUSDT
2025-09-29 23:58:32.789,114269.7,0.001,BTCUSDT
2025-09-29 23:58:32.789,114269.7,0.007,BTCUSDT
2025-09-29 23:58:32.789,114269.7,0.001,BTCUSDT
2025-09-29 23:58:32.789,114269.7,0.008,BTCUSDT
2025-09-29 23:58:32.789,114269.7,0.001,BTCUSDT
2025-09-29 23:58:32.789,114269.7,0.009,BTCUSDT
2025-09-29 23:58:32.789,114269.7,0.009,BTCUSDT
2025-09-29 23:58:32.789,114269.7,0.002,BTCUSDT
2025-09-29 23:58:32.789,114269.7,0.003,BTCUSDT
2025-09-29 23:58:32.789,114269.7,0.003,BTCUSDT
2025-09-29 23:58:32.789,114269.7,0.003,BTCUSDT
2025-09-29 23:58:32.789,114269.7,0.001,BTCUSDT
2025-09-29 23:58:32.789,114269.7,0.001,BTCUSDT
2025-09-29 23:58:32.789,114269.7,0.001,BTCUSDT
2025-09-29 23:58:32.789,114269.7,0.125,BTCUSDT
2025-09-29 23:58:32.789,114269.7,0.167,BTCUSDT
2025-09-29 23:58:32.789,114269.7,0.001,BTCUSDT
2025-09-29 23:58:32.789,114269.7,0.001,BTCUSDT
2025-09-29 23:58:32.789,114269.7,0.001,BTCUSDT
2025-09-29 23:58:32.789,114269.7,0.005,BTCUSDT
2025-09-29 23:58:32.789,114269.7,0.087,BTCUSDT
2025-09-29 23:58:32.789,114269.7,0.001,BTCUSDT
2025-09-29 23:58:32.789,114269.7,0.087,BTCUSDT
2025-09-29 23:58:32.789,114269.7,0.004,BTCUSDT
2025-09-29 23:58:32.789,114269.7,0.009,BTCUSDT
2025-09-29 23:58:32.789,114269.7,0.001,BTCUSDT
2025-09-29 23:58:32.789,114269.7,0.059,BTCUSDT
2025-09-29 23:58:32.789,114269.7,0.001,BTCUSDT
2025-09-29 23:58:32.789,114269.7,0.237,BTCUSDT
2025-09-29 23:58:32.789,114269.7,0.323,BTCUSDT
2025-09-29 23:58:32.789,114269.7,0.005,BTCUSDT
2025-09-29 23:58:32.789,114269.7,1.191,BTCUSDT
2025-09-29 23:58:32.789,114269.7,0.053,BTCUSDT
2025-09-29 23:58:32.789,114269.7,0.002,BTCUSDT
2025-09-29 23:58:32.789,114269.7,0.299,BTCUSDT
2025-09-29 23:58:32.789,114269.7,0.006,BTCUSDT
2025-09-29 23:58:32.789,114269.7,0.003,BTCUSDT
2025-09-29 23:58:32.789,114269.8,0.006,BTCUSDT
2025-09-29 23:58:32.789,114269.8,0.001,BTCUSDT
2025-09-29 23:58:32.789,114269.8,0.001,BTCUSDT
2025-09-29 23:58:32.789,114269.8,0.002,BTCUSDT
2025-09-29 23:58:32.789,114269.8,0.002,BTCUSDT
2025-09-29 23:58:32.789,114269.9,0.002,BTCUSDT
2025-09-29 23:58:32.789,114270.0,0.001,BTCUSDT
2025-09-29 23:58:32.789,114270.0,0.001,BTCUSDT
2025-09-29 23:58:32.789,114270.5,0.006,BTCUSDT
2025-09-29 23:58:32.789,114270.5,0.175,BTCUSDT
2025-09-29 23:58:32.789,114270.6,0.002,BTCUSDT
2025-09-29 23:58:32.789,114271.0,0.006,BTCUSDT
2025-09-29 23:58:32.789,114271.3,0.002,BTCUSDT
2025-09-29 23:58:32.789,114271.4,0.001,BTCUSDT
2025-09-29 23:58:32.789,114271.5,0.97,BTCUSDT
2025-09-29 23:58:32.789,114271.6,0.001,BTCUSDT
2025-09-29 23:58:32.789,114271.7,0.573,BTCUSDT
2025-09-29 23:58:32.789,114271.7,0.027,BTCUSDT
2025-09-29 23:58:32.789,114271.7,0.002,BTCUSDT
2025-09-29 23:58:32.789,114271.7,0.006,BTCUSDT
2025-09-29 23:58:32.789,114271.7,0.009,BTCUSDT
2025-09-29 23:58:32.789,114271.7,0.009,BTCUSDT
2025-09-29 23:58:32.789,114271.8,0.08,BTCUSDT
2025-09-29 23:58:32.789,114271.8,0.009,BTCUSDT
2025-09-29 23:58:32.789,114272.0,0.05,BTCUSDT
2025-09-29 23:58:32.789,114272.0,0.001,BTCUSDT
2025-09-29 23:58:32.789,114272.5,0.002,BTCUSDT
2025-09-29 23:58:32.789,114272.5,0.002,BTCUSDT
2025-09-29 23:58:32.789,114272.5,0.002,BTCUSDT
2025-09-29 23:58:32.789,114273.2,0.002,BTCUSDT
2025-09-29 23:58:32.789,114273.7,0.001,BTCUSDT
2025-09-29 23:58:32.789,114273.8,0.002,BTCUSDT
2025-09-29 23:58:32.789,114273.9,0.002,BTCUSDT
2025-09-29 23:58:32.789,114273.9,0.031,BTCUSDT
2025-09-29 23:58:32.789,114274.0,0.006,BTCUSDT
2025-09-29 23:58:32.789,114274.2,0.003,BTCUSDT
2025-09-29 23:58:32.789,114274.5,0.002,BTCUSDT
2025-09-29 23:58:32.789,114274.5,0.002,BTCUSDT
2025-09-29 23:58:32.789,114274.5,0.001,BTCUSDT
2025-09-29 23:58:32.789,114274.7,0.004,BTCUSDT
2025-09-29 23:58:32.789,114274.8,0.001,BTCUSDT
2025-09-29 23:58:32.789,114274.9,0.001,BTCUSDT
2025-09-29 23:58:32.789,114275.0,0.001,BTCUSDT
2025-09-29 23:58:32.789,114275.0,0.002,BTCUSDT
2025-09-29 23:58:32.789,114275.1,0.006,BTCUSDT
2025-09-29 23:58:32.789,114275.1,0.002,BTCUSDT
2025-09-29 23:58:32.789,114275.1,0.027,BTCUSDT
2025-09-29 23:58:32.789,114275.2,0.001,BTCUSDT
2025-09-29 23:58:32.789,114275.2,0.087,BTCUSDT
2025-09-29 23:58:32.789,114275.2,0.006,BTCUSDT
2025-09-29 23:58:32.789,114275.4,0.06,BTCUSDT
2025-09-29 23:58:32.789,114275.4,0.001,BTCUSDT
2025-09-29 23:58:32.789,114275.6,0.002,BTCUSDT
2025-09-29 23:58:32.789,114275.7,0.002,BTCUSDT
2025-09-29 23:58:32.789,114275.9,0.001,BTCUSDT
2025-09-29 23:58:32.789,114275.9,0.016,BTCUSDT
2025-09-29 23:58:32.789,114276.2,0.002,BTCUSDT
2025-09-29 23:58:32.789,114276.3,0.002,BTCUSDT
2025-09-29 23:58:32.789,114276.9,0.002,BTCUSDT
2025-09-29 23:58:32.789,114277.0,0.005,BTCUSDT
2025-09-29 23:58:32.789,114277.0,0.07,BTCUSDT
2025-09-29 23:58:32.789,114277.1,0.002,BTCUSDT
2025-09-29 23:58:32.789,114277.2,0.109,BTCUSDT
2025-09-29 23:58:32.789,114277.3,0.002,BTCUSDT
2025-09-29 23:58:32.789,114277.5,0.001,BTCUSDT
2025-09-29 23:58:32.789,114277.5,0.001,BTCUSDT
2025-09-29 23:58:32.789,114277.6,0.173,BTCUSDT
2025-09-29 23:58:32.789,114277.6,0.006,BTCUSDT
2025-09-29 23:58:32.789,114277.7,0.002,BTCUSDT
2025-09-29 23:58:32.789,114277.8,0.001,BTCUSDT
2025-09-29 23:58:32.789,114277.9,0.001,BTCUSDT
2025-09-29 23:58:32.789,114277.9,1.225,BTCUSDT
2025-09-29 23:58:32.789,114278.0,0.069,BTCUSDT
2025-09-29 23:58:32.789,114278.0,0.161,BTCUSDT
2025-09-29 23:58:32.789,114278.0,0.006,BTCUSDT
2025-09-29 23:58:32.789,114278.0,0.002,BTCUSDT
2025-09-29 23:58:32.789,114278.0,0.002,BTCUSDT
2025-09-29 23:58:32.789,114278.0,1.352,BTCUSDT
2025-09-29 23:58:32.789,114278.0,0.24,BTCUSDT
2025-09-29 23:58:32.789,114278.1,2.094,BTCUSDT
2025-09-29 23:58:32.916,114278.0,0.051,BTCUSDT
2025-09-29 23:58:33.118,114278.1,0.065,BTCUSDT
2025-09-29 23:58:33.145,114278.0,0.013,BTCUSDT
2025-09-29 23:58:33.615,114278.0,0.157,BTCUSDT
2025-09-29 23:58:33.666,114278.1,0.004,BTCUSDT
2025-09-29 23:58:33.699,114278.1,0.008,BTCUSDT
2025-09-29 23:58:33.758,114278.1,0.101,BTCUSDT
2025-09-29 23:58:34.155,114278.1,0.054,BTCUSDT
2025-09-29 23:58:34.207,114278.1,0.067,BTCUSDT
2025-09-29 23:58:34.355,114278.0,0.031,BTCUSDT
2025-09-29 23:58:34.931,114278.1,0.002,BTCUSDT
2025-09-29 23:58:35.076,114278.1,5.764,BTCUSDT
2025-09-29 23:58:35.076,114278.1,0.004,BTCUSDT
2025-09-29 23:58:35.076,114278.1,0.001,BTCUSDT
2025-09-29 23:58:35.076,114278.1,0.001,BTCUSDT
2025-09-29 23:58:35.076,114278.1,1.02,BTCUSDT
2025-09-29 23:58:35.076,114278.1,0.001,BTCUSDT
2025-09-29 23:58:35.076,114278.1,0.125,BTCUSDT
2025-09-29 23:58:35.076,114278.1,0.181,BTCUSDT
2025-09-29 23:58:35.076,114278.1,0.171,BTCUSDT
2025-09-29 23:58:35.076,114278.1,0.001,BTCUSDT
2025-09-29 23:58:35.076,114278.1,0.001,BTCUSDT
2025-09-29 23:58:35.076,114278.1,0.168,BTCUSDT
2025-09-29 23:58:35.076,114278.1,0.155,BTCUSDT
2025-09-29 23:58:35.076,114278.1,0.181,BTCUSDT
2025-09-29 23:58:35.076,114278.1,0.002,BTCUSDT
2025-09-29 23:58:35.076,114278.1,0.157,BTCUSDT
2025-09-29 23:58:35.076,114278.1,0.001,BTCUSDT
2025-09-29 23:58:35.076,114278.1,0.003,BTCUSDT
2025-09-29 23:58:35.076,114278.1,0.16,BTCUSDT
2025-09-29 23:58:35.076,114278.1,0.159,BTCUSDT
2025-09-29 23:58:35.076,114278.1,0.175,BTCUSDT
2025-09-29 23:58:35.076,114278.1,1.066,BTCUSDT
2025-09-29 23:58:35.076,114278.1,0.237,BTCUSDT
2025-09-29 23:58:35.076,114278.1,0.157,BTCUSDT
2025-09-29 23:58:35.076,114278.1,0.542,BTCUSDT
2025-09-29 23:58:35.076,114278.1,0.166,BTCUSDT
2025-09-29 23:58:35.076,114278.1,0.323,BTCUSDT
2025-09-29 23:58:35.076,114278.1,0.078,BTCUSDT
2025-09-29 23:58:35.086,114278.1,0.073,BTCUSDT
2025-09-29 23:58:35.086,114278.1,0.001,BTCUSDT
2025-09-29 23:58:35.086,114278.1,0.001,BTCUSDT
2025-09-29 23:58:35.086,114278.1,0.012,BTCUSDT
2025-09-29 23:58:35.146,114278.1,0.052,BTCUSDT
2025-09-29 23:58:35.146,114278.1,0.017,BTCUSDT
2025-09-29 23:58:35.233,114278.0,0.001,BTCUSDT
2025-09-29 23:58:35.805,114278.0,0.004,BTCUSDT
2025-09-29 23:58:36.005,114278.1,0.026,BTCUSDT
2025-09-29 23:58:36.005,114278.1,0.175,BTCUSDT
2025-09-29 23:58:36.005,114278.1,0.02,BTCUSDT
2025-09-29 23:58:36.005,114278.1,0.087,BTCUSDT
2025-09-29 23:58:36.005,114278.1,0.087,BTCUSDT
2025-09-29 23:58:36.005,114278.1,0.005,BTCUSDT
2025-09-29 23:58:36.005,114278.1,0.009,BTCUSDT
2025-09-29 23:58:36.005,114278.1,0.009,BTCUSDT
2025-09-29 23:58:36.005,114278.1,0.003,BTCUSDT
2025-09-29 23:58:36.005,114278.1,0.001,BTCUSDT
2025-09-29 23:58:36.005,114278.1,0.009,BTCUSDT
2025-09-29 23:58:36.005,114278.1,0.087,BTCUSDT
2025-09-29 23:58:36.005,114278.1,0.067,BTCUSDT
2025-09-29 23:58:36.065,114278.1,0.02,BTCUSDT
2025-09-29 23:58:36.065,114278.1,0.05,BTCUSDT
2025-09-29 23:58:36.127,114278.1,0.001,BTCUSDT
2025-09-29 23:58:36.142,114278.0,0.093,BTCUSDT
2025-09-29 23:58:36.221,114278.0,0.02,BTCUSDT
2025-09-29 23:58:36.221,114278.0,0.111,BTCUSDT
2025-09-29 23:58:36.767,114278.0,0.007,BTCUSDT
2025-09-29 23:58:36.767,114278.0,0.015,BTCUSDT
2025-09-29 23:58:36.865,114278.0,0.005,BTCUSDT
2025-09-29 23:58:36.885,114278.1,0.016,BTCUSDT
2025-09-29 23:58:36.885,114278.1,0.002,BTCUSDT
2025-09-29 23:58:36.885,114278.1,0.002,BTCUSDT
2025-09-29 23:58:36.885,114278.1,0.008,BTCUSDT
2025-09-29 23:58:36.885,114278.1,0.001,BTCUSDT
2025-09-29 23:58:36.885,114278.1,0.005,BTCUSDT
2025-09-29 23:58:36.885,114278.1,0.013,BTCUSDT
2025-09-29 23:58:36.885,114278.1,0.226,BTCUSDT
2025-09-29 23:58:36.885,114278.1,0.008,BTCUSDT
2025-09-29 23:58:36.885,114278.1,0.167,BTCUSDT
2025-09-29 23:58:36.885,114278.1,0.001,BTCUSDT
2025-09-29 23:58:36.885,114278.1,0.003,BTCUSDT
2025-09-29 23:58:36.885,114278.1,0.001,BTCUSDT
2025-09-29 23:58:36.885,114278.1,0.001,BTCUSDT
2025-09-29 23:58:36.885,114278.1,0.276,BTCUSDT
2025-09-29 23:58:36.885,114278.1,0.237,BTCUSDT
2025-09-29 23:58:36.885,114278.1,0.299,BTCUSDT
2025-09-29 23:58:36.885,114278.1,0.125,BTCUSDT
2025-09-29 23:58:36.885,114278.1,0.065,BTCUSDT
2025-09-29 23:58:36.885,114278.1,0.087,BTCUSDT
2025-09-29 23:58:36.885,114278.1,0.001,BTCUSDT
2025-09-29 23:58:36.885,114278.1,0.017,BTCUSDT
2025-09-29 23:58:36.885,114278.1,0.207,BTCUSDT
2025-09-29 23:58:36.885,114278.1,0.177,BTCUSDT
2025-09-29 23:58:36.885,114278.1,0.003,BTCUSDT
2025-09-29 23:58:36.885,114278.1,0.014,BTCUSDT
2025-09-29 23:58:36.885,114278.1,0.009,BTCUSDT
2025-09-29 23:58:36.885,114278.1,0.009,BTCUSDT
2025-09-29 23:58:36.885,114278.1,0.005,BTCUSDT
2025-09-29 23:58:36.885,114278.1,0.002,BTCUSDT
2025-09-29 23:58:36.885,114278.1,0.323,BTCUSDT
2025-09-29 23:58:36.885,114278.1,0.053,BTCUSDT
2025-09-29 23:58:36.885,114278.1,0.001,BTCUSDT
2025-09-29 23:58:36.885,114278.1,0.057,BTCUSDT
2025-09-29 23:58:36.885,114278.1,0.035,BTCUSDT
2025-09-29 23:58:36.885,114278.1,0.002,BTCUSDT
2025-09-29 23:58:36.885,114278.1,0.17,BTCUSDT
2025-09-29 23:58:36.885,114278.2,0.001,BTCUSDT
2025-09-29 23:58:36.885,114278.2,0.001,BTCUSDT
2025-09-29 23:58:36.885,114278.2,0.002,BTCUSDT
2025-09-29 23:58:36.885,114278.2,0.002,BTCUSDT
2025-09-29 23:58:36.885,114278.2,0.002,BTCUSDT
2025-09-29 23:58:36.885,114278.3,0.002,BTCUSDT
2025-09-29 23:58:36.885,114278.3,0.002,BTCUSDT
2025-09-29 23:58:36.885,114278.4,0.001,BTCUSDT
2025-09-29 23:58:36.885,114278.4,0.049,BTCUSDT
2025-09-29 23:58:36.885,114278.5,0.002,BTCUSDT
2025-09-29 23:58:36.885,114278.9,0.002,BTCUSDT
2025-09-29 23:58:36.885,114278.9,0.175,BTCUSDT
2025-09-29 23:58:36.885,114279.0,0.001,BTCUSDT
2025-09-29 23:58:36.885,114279.0,0.183,BTCUSDT
2025-09-29 23:58:36.885,114279.2,0.05,BTCUSDT
2025-09-29 23:58:36.885,114279.3,0.001,BTCUSDT
2025-09-29 23:58:36.885,114279.3,0.002,BTCUSDT
2025-09-29 23:58:36.885,114279.3,0.002,BTCUSDT
2025-09-29 23:58:36.885,114279.4,0.004,BTCUSDT
2025-09-29 23:58:36.885,114279.5,0.002,BTCUSDT
2025-09-29 23:58:36.885,114280.0,0.001,BTCUSDT
2025-09-29 23:58:36.885,114280.2,0.001,BTCUSDT
2025-09-29 23:58:36.885,114280.2,0.002,BTCUSDT
2025-09-29 23:58:36.885,114280.3,0.002,BTCUSDT
2025-09-29 23:58:36.885,114280.5,0.001,BTCUSDT
2025-09-29 23:58:36.885,114280.5,0.002,BTCUSDT
2025-09-29 23:58:36.885,114280.9,0.018,BTCUSDT
2025-09-29 23:58:36.885,114280.9,0.027,BTCUSDT
2025-09-29 23:58:36.885,114281.0,0.002,BTCUSDT
2025-09-29 23:58:36.885,114281.2,0.002,BTCUSDT
2025-09-29 23:58:36.885,114281.4,0.001,BTCUSDT
2025-09-29 23:58:36.885,114281.5,0.024,BTCUSDT
2025-09-29 23:58:36.885,114281.6,0.002,BTCUSDT
2025-09-29 23:58:36.885,114281.6,0.002,BTCUSDT
2025-09-29 23:58:36.885,114281.8,0.002,BTCUSDT
2025-09-29 23:58:36.885,114282.0,0.001,BTCUSDT
2025-09-29 23:58:36.885,114282.1,0.002,BTCUSDT
2025-09-29 23:58:36.885,114282.3,0.001,BTCUSDT
2025-09-29 23:58:36.885,114282.6,0.002,BTCUSDT
2025-09-29 23:58:36.885,114282.7,0.001,BTCUSDT
2025-09-29 23:58:36.885,114282.7,0.001,BTCUSDT
2025-09-29 23:58:36.885,114282.7,0.24,BTCUSDT
2025-09-29 23:58:36.885,114282.8,0.002,BTCUSDT
2025-09-29 23:58:36.885,114282.8,0.002,BTCUSDT
2025-09-29 23:58:36.885,114282.9,0.001,BTCUSDT
2025-09-29 23:58:36.885,114283.0,0.002,BTCUSDT
2025-09-29 23:58:36.885,114283.2,0.003,BTCUSDT
2025-09-29 23:58:36.885,114283.3,0.005,BTCUSDT
2025-09-29 23:58:36.885,114283.4,0.002,BTCUSDT
2025-09-29 23:58:36.885,114283.4,0.001,BTCUSDT
2025-09-29 23:58:36.885,114283.5,0.002,BTCUSDT
2025-09-29 23:58:36.885,114283.8,0.06,BTCUSDT
2025-09-29 23:58:36.885,114283.9,0.002,BTCUSDT
2025-09-29 23:58:36.885,114284.0,0.001,BTCUSDT
2025-09-29 23:58:36.885,114284.1,0.002,BTCUSDT
2025-09-29 23:58:36.885,114284.5,0.002,BTCUSDT
2025-09-29 23:58:36.885,114284.8,0.071,BTCUSDT
2025-09-29 23:58:36.885,114285.0,0.002,BTCUSDT
2025-09-29 23:58:36.885,114285.1,0.002,BTCUSDT
2025-09-29 23:58:36.885,114285.1,0.002,BTCUSDT
2025-09-29 23:58:36.885,114285.2,0.046,BTCUSDT
2025-09-29 23:58:36.885,114285.3,0.002,BTCUSDT
2025-09-29 23:58:36.885,114285.4,0.002,BTCUSDT
2025-09-29 23:58:36.885,114285.4,0.001,BTCUSDT
2025-09-29 23:58:36.885,114285.5,0.001,BTCUSDT
2025-09-29 23:58:36.885,114285.5,0.001,BTCUSDT
2025-09-29 23:58:36.885,114285.6,0.001,BTCUSDT
2025-09-29 23:58:36.885,114285.6,0.001,BTCUSDT
2025-09-29 23:58:36.885,114285.6,0.001,BTCUSDT
2025-09-29 23:58:36.885,114285.6,0.131,BTCUSDT
2025-09-29 23:58:36.885,114285.7,0.002,BTCUSDT
2025-09-29 23:58:36.885,114286.0,0.001,BTCUSDT
2025-09-29 23:58:36.885,114286.1,0.001,BTCUSDT
2025-09-29 23:58:36.885,114286.1,0.002,BTCUSDT
2025-09-29 23:58:36.885,114286.5,0.002,BTCUSDT
2025-09-29 23:58:36.885,114286.5,0.002,BTCUSDT
2025-09-29 23:58:36.885,114286.6,0.002,BTCUSDT
2025-09-29 23:58:36.885,114286.6,0.184,BTCUSDT
2025-09-29 23:58:36.885,114287.1,0.001,BTCUSDT
2025-09-29 23:58:36.885,114287.4,0.002,BTCUSDT
2025-09-29 23:58:36.885,114287.6,0.002,BTCUSDT
2025-09-29 23:58:36.885,114288.0,0.002,BTCUSDT
2025-09-29 23:58:36.885,114288.1,0.064,BTCUSDT
2025-09-29 23:58:36.885,114288.3,0.002,BTCUSDT
2025-09-29 23:58:36.886,114288.6,0.005,BTCUSDT
2025-09-29 23:58:36.886,114288.8,0.002,BTCUSDT
2025-09-29 23:58:36.886,114288.9,0.002,BTCUSDT
2025-09-29 23:58:36.886,114288.9,0.002,BTCUSDT
2025-09-29 23:58:36.886,114288.9,0.002,BTCUSDT
2025-09-29 23:58:36.886,114288.9,0.001,BTCUSDT
2025-09-29 23:58:36.886,114288.9,0.001,BTCUSDT
2025-09-29 23:58:36.886,114288.9,0.029,BTCUSDT
2025-09-29 23:58:36.886,114289.0,0.001,BTCUSDT
2025-09-29 23:58:36.886,114289.0,0.001,BTCUSDT
2025-09-29 23:58:36.886,114289.1,0.06,BTCUSDT
2025-09-29 23:58:36.886,114289.2,0.284,BTCUSDT
2025-09-29 23:58:36.886,114289.2,0.002,BTCUSDT
2025-09-29 23:58:36.886,114289.4,0.001,BTCUSDT
2025-09-29 23:58:36.886,114289.4,0.035,BTCUSDT
2025-09-29 23:58:36.886,114289.4,0.059,BTCUSDT
2025-09-29 23:58:36.886,114289.5,0.002,BTCUSDT
2025-09-29 23:58:36.886,114289.5,1.015,BTCUSDT
2025-09-29 23:58:36.886,114289.5,0.017,BTCUSDT
2025-09-29 23:58:36.886,114289.6,0.002,BTCUSDT
2025-09-29 23:58:36.886,114289.7,0.003,BTCUSDT
2025-09-29 23:58:36.886,114289.8,0.058,BTCUSDT
2025-09-29 23:58:36.886,114289.8,0.001,BTCUSDT
2025-09-29 23:58:36.886,114289.9,1.225,BTCUSDT
2025-09-29 23:58:36.886,114290.0,0.001,BTCUSDT
2025-09-29 23:58:36.886,114290.0,0.002,BTCUSDT
2025-09-29 23:58:36.886,114290.0,0.002,BTCUSDT
2025-09-29 23:58:36.886,114290.1,0.002,BTCUSDT
2025-09-29 23:58:36.886,114290.1,0.013,BTCUSDT
2025-09-29 23:58:36.886,114290.2,0.184,BTCUSDT
2025-09-29 23:58:36.886,114290.4,0.006,BTCUSDT
2025-09-29 23:58:36.886,114290.7,0.002,BTCUSDT
2025-09-29 23:58:36.886,114290.7,0.002,BTCUSDT
2025-09-29 23:58:36.886,114290.9,0.048,BTCUSDT
2025-09-29 23:58:36.886,114291.0,0.001,BTCUSDT
2025-09-29 23:58:36.886,114291.0,0.088,BTCUSDT
2025-09-29 23:58:36.886,114291.1,0.039,BTCUSDT
2025-09-29 23:58:36.886,114291.1,0.12,BTCUSDT
2025-09-29 23:58:36.886,114291.3,0.002,BTCUSDT
2025-09-29 23:58:36.886,114291.3,0.001,BTCUSDT
2025-09-29 23:58:36.886,114291.3,0.002,BTCUSDT
2025-09-29 23:58:36.886,114291.5,0.001,BTCUSDT
2025-09-29 23:58:36.886,114291.6,0.001,BTCUSDT
2025-09-29 23:58:36.886,114291.6,0.065,BTCUSDT
2025-09-29 23:58:36.886,114291.7,0.002,BTCUSDT
2025-09-29 23:58:36.886,114291.7,0.001,BTCUSDT
2025-09-29 23:58:36.886,114291.8,0.002,BTCUSDT
2025-09-29 23:58:36.886,114291.8,1.733,BTCUSDT
2025-09-29 23:58:36.886,114291.9,0.002,BTCUSDT
2025-09-29 23:58:36.886,114291.9,1.313,BTCUSDT
2025-09-29 23:58:36.886,114291.9,0.002,BTCUSDT
2025-09-29 23:58:36.886,114291.9,0.002,BTCUSDT
2025-09-29 23:58:36.886,114292.0,0.002,BTCUSDT
2025-09-29 23:58:36.886,114292.0,0.048,BTCUSDT
2025-09-29 23:58:36.886,114292.0,0.24,BTCUSDT
2025-09-29 23:58:36.886,114292.0,0.19,BTCUSDT
2025-09-29 23:58:36.919,114291.9,0.004,BTCUSDT
2025-09-29 23:58:37.078,114291.9,0.709,BTCUSDT
2025-09-29 23:58:37.078,114291.9,0.5,BTCUSDT
2025-09-29 23:58:37.078,114291.9,0.001,BTCUSDT
2025-09-29 23:58:37.078,114291.9,0.001,BTCUSDT
2025-09-29 23:58:37.078,114291.9,0.001,BTCUSDT
2025-09-29 23:58:37.078,114291.9,0.61,BTCUSDT
2025-09-29 23:58:37.078,114291.9,0.064,BTCUSDT
2025-09-29 23:58:37.078,114291.9,0.064,BTCUSDT
2025-09-29 23:58:37.078,114291.9,0.064,BTCUSDT
2025-09-29 23:58:37.078,114291.9,0.064,BTCUSDT
2025-09-29 23:58:37.078,114291.9,0.064,BTCUSDT
2025-09-29 23:58:37.078,114291.9,0.001,BTCUSDT
2025-09-29 23:58:37.078,114291.9,0.001,BTCUSDT
2025-09-29 23:58:37.078,114291.9,0.001,BTCUSDT
2025-09-29 23:58:37.078,114291.9,0.001,BTCUSDT
2025-09-29 23:58:37.078,114291.9,0.002,BTCUSDT
2025-09-29 23:58:37.078,114291.9,0.001,BTCUSDT
2025-09-29 23:58:37.078,114291.9,0.001,BTCUSDT
2025-09-29 23:58:37.078,114291.9,0.005,BTCUSDT
2025-09-29 23:58:37.078,114291.9,0.003,BTCUSDT
2025-09-29 23:58:37.078,114291.9,0.006,BTCUSDT
2025-09-29 23:58:37.078,114291.9,0.001,BTCUSDT
2025-09-29 23:58:37.078,114291.9,0.001,BTCUSDT
2025-09-29 23:58:37.078,114291.9,0.623,BTCUSDT
2025-09-29 23:58:37.078,114291.9,0.001,BTCUSDT
2025-09-29 23:58:37.078,114291.9,1.191,BTCUSDT
2025-09-29 23:58:37.078,114291.9,0.176,BTCUSDT
2025-09-29 23:58:37.078,114291.9,0.018,BTCUSDT
2025-09-29 23:58:37.078,114291.9,0.006,BTCUSDT
2025-09-29 23:58:37.078,114291.9,0.017,BTCUSDT
2025-09-29 23:58:37.081,114291.8,0.017,BTCUSDT
2025-09-29 23:58:37.081,114291.8,0.001,BTCUSDT
2025-09-29 23:58:37.081,114291.8,0.002,BTCUSDT
2025-09-29 23:58:37.081,114291.8,0.001,BTCUSDT
2025-09-29 23:58:37.081,114291.8,0.001,BTCUSDT
2025-09-29 23:58:37.081,114291.8,0.028,BTCUSDT
2025-09-29 23:58:37.081,114291.8,0.502,BTCUSDT
2025-09-29 23:58:37.083,114291.3,0.002,BTCUSDT
2025-09-29 23:58:37.083,114291.0,0.001,BTCUSDT
2025-09-29 23:58:37.083,114290.9,0.002,BTCUSDT
2025-09-29 23:58:37.083,114290.7,0.002,BTCUSDT
2025-09-29 23:58:37.083,114290.1,0.002,BTCUSDT
2025-09-29 23:58:37.083,114290.0,0.001,BTCUSDT
2025-09-29 23:58:37.083,114289.5,0.002,BTCUSDT
2025-09-29 23:58:37.083,114288.9,0.002,BTCUSDT
2025-09-29 23:58:37.083,114288.3,0.002,BTCUSDT
2025-09-29 23:58:37.083,114287.7,0.002,BTCUSDT
2025-09-29 23:58:37.083,114287.7,0.039,BTCUSDT
2025-09-29 23:58:37.083,114287.7,0.022,BTCUSDT
2025-09-29 23:58:37.083,114287.1,0.002,BTCUSDT
2025-09-29 23:58:37.083,114286.7,0.005,BTCUSDT
2025-09-29 23:58:37.083,114286.5,0.002,BTCUSDT
2025-09-29 23:58:37.086,114286.0,0.001,BTCUSDT
2025-09-29 23:58:37.086,114286.0,0.001,BTCUSDT
2025-09-29 23:58:37.086,114286.0,0.077,BTCUSDT
2025-09-29 23:58:37.122,114286.1,0.001,BTCUSDT
2025-09-29 23:58:37.122,114286.1,0.065,BTCUSDT
2025-09-29 23:58:37.122,114286.1,0.006,BTCUSDT
2025-09-29 23:58:37.615,114286.1,0.007,BTCUSDT
2025-09-29 23:58:37.782,114286.0,0.027,BTCUSDT
2025-09-29 23:58:38.155,114286.1,0.074,BTCUSDT
